{
  "total_sales": 2261536.78,
  "sales_by_category": {
    "Furniture": 728658.58,
    "Office Supplies": 705422.33,
    "Technology": 827455.87
  },
  "top_products": [
    {
      "product": "Canon imageCLASS 2200 Advanced Copier",
      "sales": 61599.82
    },
    {
      "product": "Fellowes PB500 Electric Punch Plastic Comb Binding Machine with Manual Bind",
      "sales": 27453.38
    },
    {
      "product": "Cisco TelePresence System EX90 Videoconferencing Unit",
      "sales": 22638.48
    },
    {
      "product": "HON 5400 Series Task Chairs for Big and Tall",
      "sales": 21870.58
    },
    {
      "product": "GBC DocuBind TL300 Electric Binding System",
      "sales": 19823.48
    }
  ],
  "monthly_sales_trend": [
    {
      "month": "2015-01",
      "sales": 14205.71
    },
    {
      "month": "2015-02",
      "sales": 4519.89
    },
    {
      "month": "2015-03",
      "sales": 55205.8
    },
    {
      "month": "2015-04",
      "sales": 27906.86
    },
    {
      "month": "2015-05",
      "sales": 23644.3
    },
    {
      "month": "2015-06",
      "sales": 34322.94
    },
    {
      "month": "2015-07",
      "sales": 33781.54
    },
    {
      "month": "2015-08",
      "sales": 27117.54
    },
    {
      "month": "2015-09",
      "sales": 81623.53
    },
    {
      "month": "2015-10",
      "sales": 31453.39
    },
    {
      "month": "2015-11",
      "sales": 77907.66
    },
    {
      "month": "2015-12",
      "sales": 68167.06
    },
    {
      "month": "2016-01",
      "sales": 18066.96
    },
    {
      "month": "2016-02",
      "sales": 11951.41
    },
    {
      "month": "2016-03",
      "sales": 32339.32
    },
    {
      "month": "2016-04",
      "sales": 34154.47
    },
    {
      "month": "2016-05",
      "sales": 29959.53
    },
    {
      "month": "2016-06",
      "sales": 23599.37
    },
    {
      "month": "2016-07",
      "sales": 28608.26
    },
    {
      "month": "2016-08",
      "sales": 36818.34
    },
    {
      "month": "2016-09",
      "sales": 63133.61
    },
    {
      "month": "2016-10",
      "sales": 31011.74
    },
    {
      "month": "2016-11",
      "sales": 75249.4
    },
    {
      "month": "2016-12",
      "sales": 74543.6
    },
    {
      "month": "2017-01",
      "sales": 18542.49
    },
    {
      "month": "2017-02",
      "sales": 22978.82
    },
    {
      "month": "2017-03",
      "sales": 51165.06
    },
    {
      "month": "2017-04",
      "sales": 38679.77
    },
    {
      "month": "2017-05",
      "sales": 56656.91
    },
    {
      "month": "2017-06",
      "sales": 39724.49
    },
    {
      "month": "2017-07",
      "sales": 38320.78
    },
    {
      "month": "2017-08",
      "sales": 30542.2
    },
    {
      "month": "2017-09",
      "sales": 69193.39
    },
    {
      "month": "2017-10",
      "sales": 59583.03
    },
    {
      "month": "2017-11",
      "sales": 79066.5
    },
    {
      "month": "2017-12",
      "sales": 95739.12
    },
    {
      "month": "2018-01",
      "sales": 43476.47
    },
    {
      "month": "2018-02",
      "sales": 19921.0
    },
    {
      "month": "2018-03",
      "sales": 58863.41
    },
    {
      "month": "2018-04",
      "sales": 35541.91
    },
    {
      "month": "2018-05",
      "sales": 43825.98
    },
    {
      "month": "2018-06",
      "sales": 48190.73
    },
    {
      "month": "2018-07",
      "sales": 44825.1
    },
    {
      "month": "2018-08",
      "sales": 62837.85
    },
    {
      "month": "2018-09",
      "sales": 86152.89
    },
    {
      "month": "2018-10",
      "sales": 77448.13
    },
    {
      "month": "2018-11",
      "sales": 117938.16
    },
    {
      "month": "2018-12",
      "sales": 83030.39
    }
  ],
  "weekly_sales": [
    {
      "year_week": "2015-W00",
      "sales": 16.45
    },
    {
      "year_week": "2015-W01",
      "sales": 4897.23
    },
    {
      "year_week": "2015-W02",
      "sales": 4075.61
    },
    {
      "year_week": "2015-W03",
      "sales": 3157.41
    },
    {
      "year_week": "2015-W04",
      "sales": 2059.01
    },
    {
      "year_week": "2015-W05",
      "sales": 1422.87
    },
    {
      "year_week": "2015-W06",
      "sales": 2764.25
    },
    {
      "year_week": "2015-W07",
      "sales": 226.83
    },
    {
      "year_week": "2015-W08",
      "sales": 105.93
    },
    {
      "year_week": "2015-W09",
      "sales": 6233.88
    },
    {
      "year_week": "2015-W10",
      "sales": 3768.82
    },
    {
      "year_week": "2015-W11",
      "sales": 37610.35
    },
    {
      "year_week": "2015-W12",
      "sales": 3572.03
    },
    {
      "year_week": "2015-W13",
      "sales": 6075.0
    },
    {
      "year_week": "2015-W14",
      "sales": 11725.59
    },
    {
      "year_week": "2015-W15",
      "sales": 3865.34
    },
    {
      "year_week": "2015-W16",
      "sales": 5583.01
    },
    {
      "year_week": "2015-W17",
      "sales": 5184.75
    },
    {
      "year_week": "2015-W18",
      "sales": 4061.3
    },
    {
      "year_week": "2015-W19",
      "sales": 6219.99
    },
    {
      "year_week": "2015-W20",
      "sales": 6217.38
    },
    {
      "year_week": "2015-W21",
      "sales": 5865.81
    },
    {
      "year_week": "2015-W22",
      "sales": 9062.25
    },
    {
      "year_week": "2015-W23",
      "sales": 8751.74
    },
    {
      "year_week": "2015-W24",
      "sales": 7244.94
    },
    {
      "year_week": "2015-W25",
      "sales": 7605.61
    },
    {
      "year_week": "2015-W26",
      "sales": 3360.09
    },
    {
      "year_week": "2015-W27",
      "sales": 5774.72
    },
    {
      "year_week": "2015-W28",
      "sales": 2886.37
    },
    {
      "year_week": "2015-W29",
      "sales": 17011.41
    },
    {
      "year_week": "2015-W30",
      "sales": 7409.37
    },
    {
      "year_week": "2015-W31",
      "sales": 10734.67
    },
    {
      "year_week": "2015-W32",
      "sales": 5940.54
    },
    {
      "year_week": "2015-W33",
      "sales": 4654.37
    },
    {
      "year_week": "2015-W34",
      "sales": 5345.88
    },
    {
      "year_week": "2015-W35",
      "sales": 4255.73
    },
    {
      "year_week": "2015-W36",
      "sales": 28784.09
    },
    {
      "year_week": "2015-W37",
      "sales": 16625.27
    },
    {
      "year_week": "2015-W38",
      "sales": 21811.86
    },
    {
      "year_week": "2015-W39",
      "sales": 11825.87
    },
    {
      "year_week": "2015-W40",
      "sales": 4098.86
    },
    {
      "year_week": "2015-W41",
      "sales": 8714.47
    },
    {
      "year_week": "2015-W42",
      "sales": 6914.02
    },
    {
      "year_week": "2015-W43",
      "sales": 10260.5
    },
    {
      "year_week": "2015-W44",
      "sales": 19239.12
    },
    {
      "year_week": "2015-W45",
      "sales": 13683.58
    },
    {
      "year_week": "2015-W46",
      "sales": 27471.15
    },
    {
      "year_week": "2015-W47",
      "sales": 16645.62
    },
    {
      "year_week": "2015-W48",
      "sales": 11863.9
    },
    {
      "year_week": "2015-W49",
      "sales": 10648.89
    },
    {
      "year_week": "2015-W50",
      "sales": 16747.16
    },
    {
      "year_week": "2015-W51",
      "sales": 14628.57
    },
    {
      "year_week": "2015-W52",
      "sales": 15146.73
    },
    {
      "year_week": "2016-W00",
      "sales": 1932.1
    },
    {
      "year_week": "2016-W01",
      "sales": 2723.56
    },
    {
      "year_week": "2016-W02",
      "sales": 2387.88
    },
    {
      "year_week": "2016-W03",
      "sales": 695.79
    },
    {
      "year_week": "2016-W04",
      "sales": 10228.38
    },
    {
      "year_week": "2016-W05",
      "sales": 3024.64
    },
    {
      "year_week": "2016-W06",
      "sales": 1315.99
    },
    {
      "year_week": "2016-W07",
      "sales": 3265.4
    },
    {
      "year_week": "2016-W08",
      "sales": 3893.38
    },
    {
      "year_week": "2016-W09",
      "sales": 5062.28
    },
    {
      "year_week": "2016-W10",
      "sales": 5546.04
    },
    {
      "year_week": "2016-W11",
      "sales": 14592.47
    },
    {
      "year_week": "2016-W12",
      "sales": 5031.74
    },
    {
      "year_week": "2016-W13",
      "sales": 2957.28
    },
    {
      "year_week": "2016-W14",
      "sales": 6264.09
    },
    {
      "year_week": "2016-W15",
      "sales": 8887.75
    },
    {
      "year_week": "2016-W16",
      "sales": 7322.76
    },
    {
      "year_week": "2016-W17",
      "sales": 11380.66
    },
    {
      "year_week": "2016-W18",
      "sales": 4243.92
    },
    {
      "year_week": "2016-W19",
      "sales": 8817.12
    },
    {
      "year_week": "2016-W20",
      "sales": 625.98
    },
    {
      "year_week": "2016-W21",
      "sales": 9293.49
    },
    {
      "year_week": "2016-W22",
      "sales": 9005.53
    },
    {
      "year_week": "2016-W23",
      "sales": 5909.15
    },
    {
      "year_week": "2016-W24",
      "sales": 7415.58
    },
    {
      "year_week": "2016-W25",
      "sales": 5096.86
    },
    {
      "year_week": "2016-W26",
      "sales": 4783.18
    },
    {
      "year_week": "2016-W27",
      "sales": 5071.96
    },
    {
      "year_week": "2016-W28",
      "sales": 9961.36
    },
    {
      "year_week": "2016-W29",
      "sales": 3877.27
    },
    {
      "year_week": "2016-W30",
      "sales": 4353.6
    },
    {
      "year_week": "2016-W31",
      "sales": 6581.86
    },
    {
      "year_week": "2016-W32",
      "sales": 8241.19
    },
    {
      "year_week": "2016-W33",
      "sales": 4258.16
    },
    {
      "year_week": "2016-W34",
      "sales": 12109.7
    },
    {
      "year_week": "2016-W35",
      "sales": 13582.05
    },
    {
      "year_week": "2016-W36",
      "sales": 7353.09
    },
    {
      "year_week": "2016-W37",
      "sales": 22133.77
    },
    {
      "year_week": "2016-W38",
      "sales": 19206.93
    },
    {
      "year_week": "2016-W39",
      "sales": 11355.77
    },
    {
      "year_week": "2016-W40",
      "sales": 3123.28
    },
    {
      "year_week": "2016-W41",
      "sales": 10982.41
    },
    {
      "year_week": "2016-W42",
      "sales": 4151.65
    },
    {
      "year_week": "2016-W43",
      "sales": 6262.94
    },
    {
      "year_week": "2016-W44",
      "sales": 17603.43
    },
    {
      "year_week": "2016-W45",
      "sales": 25108.92
    },
    {
      "year_week": "2016-W46",
      "sales": 15081.9
    },
    {
      "year_week": "2016-W47",
      "sales": 13255.38
    },
    {
      "year_week": "2016-W48",
      "sales": 18636.07
    },
    {
      "year_week": "2016-W49",
      "sales": 19270.06
    },
    {
      "year_week": "2016-W50",
      "sales": 11970.15
    },
    {
      "year_week": "2016-W51",
      "sales": 19573.37
    },
    {
      "year_week": "2016-W52",
      "sales": 14626.79
    },
    {
      "year_week": "2017-W01",
      "sales": 3910.45
    },
    {
      "year_week": "2017-W02",
      "sales": 3331.74
    },
    {
      "year_week": "2017-W03",
      "sales": 3011.75
    },
    {
      "year_week": "2017-W04",
      "sales": 3579.68
    },
    {
      "year_week": "2017-W05",
      "sales": 14931.89
    },
    {
      "year_week": "2017-W06",
      "sales": 5450.08
    },
    {
      "year_week": "2017-W07",
      "sales": 3893.49
    },
    {
      "year_week": "2017-W08",
      "sales": 3020.75
    },
    {
      "year_week": "2017-W09",
      "sales": 14257.15
    },
    {
      "year_week": "2017-W10",
      "sales": 12596.88
    },
    {
      "year_week": "2017-W11",
      "sales": 16458.9
    },
    {
      "year_week": "2017-W12",
      "sales": 4031.91
    },
    {
      "year_week": "2017-W13",
      "sales": 6373.17
    },
    {
      "year_week": "2017-W14",
      "sales": 10014.08
    },
    {
      "year_week": "2017-W15",
      "sales": 7282.87
    },
    {
      "year_week": "2017-W16",
      "sales": 15721.92
    },
    {
      "year_week": "2017-W17",
      "sales": 3357.21
    },
    {
      "year_week": "2017-W18",
      "sales": 5464.64
    },
    {
      "year_week": "2017-W19",
      "sales": 9147.61
    },
    {
      "year_week": "2017-W20",
      "sales": 6508.36
    },
    {
      "year_week": "2017-W21",
      "sales": 23948.55
    },
    {
      "year_week": "2017-W22",
      "sales": 11887.79
    },
    {
      "year_week": "2017-W23",
      "sales": 11606.12
    },
    {
      "year_week": "2017-W24",
      "sales": 11795.2
    },
    {
      "year_week": "2017-W25",
      "sales": 10151.76
    },
    {
      "year_week": "2017-W26",
      "sales": 7737.93
    },
    {
      "year_week": "2017-W27",
      "sales": 9770.53
    },
    {
      "year_week": "2017-W28",
      "sales": 4095.1
    },
    {
      "year_week": "2017-W29",
      "sales": 9972.46
    },
    {
      "year_week": "2017-W30",
      "sales": 8813.39
    },
    {
      "year_week": "2017-W31",
      "sales": 6495.95
    },
    {
      "year_week": "2017-W32",
      "sales": 6380.7
    },
    {
      "year_week": "2017-W33",
      "sales": 4500.64
    },
    {
      "year_week": "2017-W34",
      "sales": 13706.89
    },
    {
      "year_week": "2017-W35",
      "sales": 15961.31
    },
    {
      "year_week": "2017-W36",
      "sales": 15192.27
    },
    {
      "year_week": "2017-W37",
      "sales": 16579.27
    },
    {
      "year_week": "2017-W38",
      "sales": 13605.73
    },
    {
      "year_week": "2017-W39",
      "sales": 11257.78
    },
    {
      "year_week": "2017-W40",
      "sales": 28631.98
    },
    {
      "year_week": "2017-W41",
      "sales": 6380.39
    },
    {
      "year_week": "2017-W42",
      "sales": 13847.04
    },
    {
      "year_week": "2017-W43",
      "sales": 6682.97
    },
    {
      "year_week": "2017-W44",
      "sales": 12185.64
    },
    {
      "year_week": "2017-W45",
      "sales": 19992.26
    },
    {
      "year_week": "2017-W46",
      "sales": 16918.19
    },
    {
      "year_week": "2017-W47",
      "sales": 19676.43
    },
    {
      "year_week": "2017-W48",
      "sales": 26384.69
    },
    {
      "year_week": "2017-W49",
      "sales": 20777.59
    },
    {
      "year_week": "2017-W50",
      "sales": 16717.9
    },
    {
      "year_week": "2017-W51",
      "sales": 28195.12
    },
    {
      "year_week": "2017-W52",
      "sales": 17266.68
    },
    {
      "year_week": "2017-W53",
      "sales": 731.77
    },
    {
      "year_week": "2018-W00",
      "sales": 5665.39
    },
    {
      "year_week": "2018-W01",
      "sales": 10030.91
    },
    {
      "year_week": "2018-W02",
      "sales": 11849.46
    },
    {
      "year_week": "2018-W03",
      "sales": 11015.21
    },
    {
      "year_week": "2018-W04",
      "sales": 6751.18
    },
    {
      "year_week": "2018-W05",
      "sales": 4200.9
    },
    {
      "year_week": "2018-W06",
      "sales": 6602.21
    },
    {
      "year_week": "2018-W07",
      "sales": 4366.59
    },
    {
      "year_week": "2018-W08",
      "sales": 6365.85
    },
    {
      "year_week": "2018-W09",
      "sales": 5220.52
    },
    {
      "year_week": "2018-W10",
      "sales": 9725.08
    },
    {
      "year_week": "2018-W11",
      "sales": 23490.64
    },
    {
      "year_week": "2018-W12",
      "sales": 16976.94
    },
    {
      "year_week": "2018-W13",
      "sales": 9722.67
    },
    {
      "year_week": "2018-W14",
      "sales": 11172.39
    },
    {
      "year_week": "2018-W15",
      "sales": 7016.4
    },
    {
      "year_week": "2018-W16",
      "sales": 5187.06
    },
    {
      "year_week": "2018-W17",
      "sales": 9668.58
    },
    {
      "year_week": "2018-W18",
      "sales": 11697.5
    },
    {
      "year_week": "2018-W19",
      "sales": 14640.42
    },
    {
      "year_week": "2018-W20",
      "sales": 5269.86
    },
    {
      "year_week": "2018-W21",
      "sales": 5714.76
    },
    {
      "year_week": "2018-W22",
      "sales": 6920.08
    },
    {
      "year_week": "2018-W23",
      "sales": 13711.93
    },
    {
      "year_week": "2018-W24",
      "sales": 9030.92
    },
    {
      "year_week": "2018-W25",
      "sales": 17806.05
    },
    {
      "year_week": "2018-W26",
      "sales": 10249.41
    },
    {
      "year_week": "2018-W27",
      "sales": 9846.88
    },
    {
      "year_week": "2018-W28",
      "sales": 12472.22
    },
    {
      "year_week": "2018-W29",
      "sales": 8783.9
    },
    {
      "year_week": "2018-W30",
      "sales": 6093.25
    },
    {
      "year_week": "2018-W31",
      "sales": 7939.12
    },
    {
      "year_week": "2018-W32",
      "sales": 25403.19
    },
    {
      "year_week": "2018-W33",
      "sales": 15651.86
    },
    {
      "year_week": "2018-W34",
      "sales": 12484.94
    },
    {
      "year_week": "2018-W35",
      "sales": 21968.32
    },
    {
      "year_week": "2018-W36",
      "sales": 23690.61
    },
    {
      "year_week": "2018-W37",
      "sales": 24540.3
    },
    {
      "year_week": "2018-W38",
      "sales": 14151.09
    },
    {
      "year_week": "2018-W39",
      "sales": 19327.14
    },
    {
      "year_week": "2018-W40",
      "sales": 19124.71
    },
    {
      "year_week": "2018-W41",
      "sales": 8867.95
    },
    {
      "year_week": "2018-W42",
      "sales": 25663.74
    },
    {
      "year_week": "2018-W43",
      "sales": 18758.1
    },
    {
      "year_week": "2018-W44",
      "sales": 28868.43
    },
    {
      "year_week": "2018-W45",
      "sales": 30917.91
    },
    {
      "year_week": "2018-W46",
      "sales": 20016.37
    },
    {
      "year_week": "2018-W47",
      "sales": 29713.88
    },
    {
      "year_week": "2018-W48",
      "sales": 26018.03
    },
    {
      "year_week": "2018-W49",
      "sales": 16154.52
    },
    {
      "year_week": "2018-W50",
      "sales": 18388.99
    },
    {
      "year_week": "2018-W51",
      "sales": 16423.87
    },
    {
      "year_week": "2018-W52",
      "sales": 713.79
    }
  ],
  "daily_sales": [
    {
      "date": "2015-01-03",
      "sales": 16.45
    },
    {
      "date": "2015-01-04",
      "sales": 288.06
    },
    {
      "date": "2015-01-05",
      "sales": 19.54
    },
    {
      "date": "2015-01-06",
      "sales": 4407.1
    },
    {
      "date": "2015-01-07",
      "sales": 87.16
    },
    {
      "date": "2015-01-09",
      "sales": 40.54
    },
    {
      "date": "2015-01-10",
      "sales": 54.83
    },
    {
      "date": "2015-01-11",
      "sales": 9.94
    },
    {
      "date": "2015-01-13",
      "sales": 3553.8
    },
    {
      "date": "2015-01-14",
      "sales": 61.96
    },
    {
      "date": "2015-01-15",
      "sales": 149.95
    },
    {
      "date": "2015-01-16",
      "sales": 299.96
    },
    {
      "date": "2015-01-18",
      "sales": 64.86
    },
    {
      "date": "2015-01-19",
      "sales": 378.59
    },
    {
      "date": "2015-01-20",
      "sales": 2673.87
    },
    {
      "date": "2015-01-23",
      "sales": 40.08
    },
    {
      "date": "2015-01-26",
      "sales": 1097.25
    },
    {
      "date": "2015-01-27",
      "sales": 426.67
    },
    {
      "date": "2015-01-28",
      "sales": 3.93
    },
    {
      "date": "2015-01-30",
      "sales": 240.5
    },
    {
      "date": "2015-01-31",
      "sales": 290.67
    },
    {
      "date": "2015-02-01",
      "sales": 468.9
    },
    {
      "date": "2015-02-02",
      "sales": 211.65
    },
    {
      "date": "2015-02-03",
      "sales": 97.11
    },
    {
      "date": "2015-02-04",
      "sales": 134.38
    },
    {
      "date": "2015-02-06",
      "sales": 330.51
    },
    {
      "date": "2015-02-07",
      "sales": 180.32
    },
    {
      "date": "2015-02-08",
      "sales": 14.56
    },
    {
      "date": "2015-02-11",
      "sales": 2043.4
    },
    {
      "date": "2015-02-12",
      "sales": 129.57
    },
    {
      "date": "2015-02-14",
      "sales": 576.73
    },
    {
      "date": "2015-02-15",
      "sales": 21.36
    },
    {
      "date": "2015-02-16",
      "sales": 9.04
    },
    {
      "date": "2015-02-17",
      "sales": 54.21
    },
    {
      "date": "2015-02-18",
      "sales": 37.78
    },
    {
      "date": "2015-02-20",
      "sales": 95.59
    },
    {
      "date": "2015-02-21",
      "sales": 8.85
    },
    {
      "date": "2015-02-22",
      "sales": 19.44
    },
    {
      "date": "2015-02-23",
      "sales": 11.36
    },
    {
      "date": "2015-02-24",
      "sales": 55.67
    },
    {
      "date": "2015-02-27",
      "sales": 19.46
    },
    {
      "date": "2015-03-01",
      "sales": 2203.15
    },
    {
      "date": "2015-03-02",
      "sales": 47.76
    },
    {
      "date": "2015-03-03",
      "sales": 1345.89
    },
    {
      "date": "2015-03-04",
      "sales": 370.45
    },
    {
      "date": "2015-03-05",
      "sales": 705.56
    },
    {
      "date": "2015-03-07",
      "sales": 1561.06
    },
    {
      "date": "2015-03-10",
      "sales": 741.96
    },
    {
      "date": "2015-03-11",
      "sales": 918.31
    },
    {
      "date": "2015-03-14",
      "sales": 2108.55
    },
    {
      "date": "2015-03-15",
      "sales": 370.78
    },
    {
      "date": "2015-03-16",
      "sales": 471.92
    },
    {
      "date": "2015-03-17",
      "sales": 3960.36
    },
    {
      "date": "2015-03-18",
      "sales": 28106.72
    },
    {
      "date": "2015-03-19",
      "sales": 590.76
    },
    {
      "date": "2015-03-21",
      "sales": 4109.82
    },
    {
      "date": "2015-03-22",
      "sales": 464.09
    },
    {
      "date": "2015-03-23",
      "sales": 945.06
    },
    {
      "date": "2015-03-24",
      "sales": 65.38
    },
    {
      "date": "2015-03-25",
      "sales": 459.15
    },
    {
      "date": "2015-03-26",
      "sales": 145.13
    },
    {
      "date": "2015-03-28",
      "sales": 1493.22
    },
    {
      "date": "2015-03-29",
      "sales": 890.84
    },
    {
      "date": "2015-03-30",
      "sales": 1170.32
    },
    {
      "date": "2015-03-31",
      "sales": 1959.55
    },
    {
      "date": "2015-04-01",
      "sales": 119.89
    },
    {
      "date": "2015-04-02",
      "sales": 1458.56
    },
    {
      "date": "2015-04-04",
      "sales": 475.84
    },
    {
      "date": "2015-04-05",
      "sales": 5179.74
    },
    {
      "date": "2015-04-06",
      "sales": 1650.69
    },
    {
      "date": "2015-04-07",
      "sales": 1021.17
    },
    {
      "date": "2015-04-08",
      "sales": 1958.75
    },
    {
      "date": "2015-04-11",
      "sales": 1915.24
    },
    {
      "date": "2015-04-12",
      "sales": 1872.44
    },
    {
      "date": "2015-04-13",
      "sales": 638.58
    },
    {
      "date": "2015-04-15",
      "sales": 294.72
    },
    {
      "date": "2015-04-16",
      "sales": 39.07
    },
    {
      "date": "2015-04-18",
      "sales": 1020.53
    },
    {
      "date": "2015-04-19",
      "sales": 205.47
    },
    {
      "date": "2015-04-20",
      "sales": 1250.45
    },
    {
      "date": "2015-04-21",
      "sales": 845.36
    },
    {
      "date": "2015-04-22",
      "sales": 257.75
    },
    {
      "date": "2015-04-23",
      "sales": 643.98
    },
    {
      "date": "2015-04-25",
      "sales": 2379.99
    },
    {
      "date": "2015-04-26",
      "sales": 282.57
    },
    {
      "date": "2015-04-28",
      "sales": 2578.48
    },
    {
      "date": "2015-04-29",
      "sales": 768.84
    },
    {
      "date": "2015-04-30",
      "sales": 1048.74
    },
    {
      "date": "2015-05-02",
      "sales": 506.12
    },
    {
      "date": "2015-05-03",
      "sales": 72.63
    },
    {
      "date": "2015-05-04",
      "sales": 187.43
    },
    {
      "date": "2015-05-05",
      "sales": 260.98
    },
    {
      "date": "2015-05-06",
      "sales": 254.46
    },
    {
      "date": "2015-05-07",
      "sales": 1091.35
    },
    {
      "date": "2015-05-08",
      "sales": 1799.97
    },
    {
      "date": "2015-05-09",
      "sales": 394.48
    },
    {
      "date": "2015-05-10",
      "sales": 2343.8
    },
    {
      "date": "2015-05-11",
      "sales": 1642.8
    },
    {
      "date": "2015-05-12",
      "sales": 734.85
    },
    {
      "date": "2015-05-13",
      "sales": 898.38
    },
    {
      "date": "2015-05-14",
      "sales": 310.88
    },
    {
      "date": "2015-05-16",
      "sales": 289.28
    },
    {
      "date": "2015-05-17",
      "sales": 91.68
    },
    {
      "date": "2015-05-18",
      "sales": 944.96
    },
    {
      "date": "2015-05-19",
      "sales": 91.62
    },
    {
      "date": "2015-05-20",
      "sales": 320.1
    },
    {
      "date": "2015-05-21",
      "sales": 4264.33
    },
    {
      "date": "2015-05-22",
      "sales": 180.93
    },
    {
      "date": "2015-05-23",
      "sales": 323.76
    },
    {
      "date": "2015-05-24",
      "sales": 116.28
    },
    {
      "date": "2015-05-25",
      "sales": 119.54
    },
    {
      "date": "2015-05-26",
      "sales": 1325.72
    },
    {
      "date": "2015-05-27",
      "sales": 2157.39
    },
    {
      "date": "2015-05-28",
      "sales": 221.97
    },
    {
      "date": "2015-05-30",
      "sales": 1924.91
    },
    {
      "date": "2015-05-31",
      "sales": 773.7
    },
    {
      "date": "2015-06-01",
      "sales": 5188.52
    },
    {
      "date": "2015-06-02",
      "sales": 738.6
    },
    {
      "date": "2015-06-03",
      "sales": 531.16
    },
    {
      "date": "2015-06-04",
      "sales": 456.27
    },
    {
      "date": "2015-06-06",
      "sales": 1374.0
    },
    {
      "date": "2015-06-07",
      "sales": 281.4
    },
    {
      "date": "2015-06-08",
      "sales": 2501.26
    },
    {
      "date": "2015-06-09",
      "sales": 5463.01
    },
    {
      "date": "2015-06-10",
      "sales": 491.55
    },
    {
      "date": "2015-06-13",
      "sales": 14.52
    },
    {
      "date": "2015-06-14",
      "sales": 212.94
    },
    {
      "date": "2015-06-15",
      "sales": 942.97
    },
    {
      "date": "2015-06-16",
      "sales": 763.79
    },
    {
      "date": "2015-06-17",
      "sales": 3356.49
    },
    {
      "date": "2015-06-18",
      "sales": 139.8
    },
    {
      "date": "2015-06-20",
      "sales": 1828.95
    },
    {
      "date": "2015-06-21",
      "sales": 4107.44
    },
    {
      "date": "2015-06-22",
      "sales": 1975.5
    },
    {
      "date": "2015-06-23",
      "sales": 109.5
    },
    {
      "date": "2015-06-24",
      "sales": 4.27
    },
    {
      "date": "2015-06-25",
      "sales": 792.76
    },
    {
      "date": "2015-06-27",
      "sales": 616.14
    },
    {
      "date": "2015-06-28",
      "sales": 1645.79
    },
    {
      "date": "2015-06-29",
      "sales": 46.68
    },
    {
      "date": "2015-06-30",
      "sales": 739.62
    },
    {
      "date": "2015-07-01",
      "sales": 601.02
    },
    {
      "date": "2015-07-02",
      "sales": 79.56
    },
    {
      "date": "2015-07-04",
      "sales": 247.41
    },
    {
      "date": "2015-07-05",
      "sales": 1444.1
    },
    {
      "date": "2015-07-06",
      "sales": 1038.47
    },
    {
      "date": "2015-07-07",
      "sales": 241.19
    },
    {
      "date": "2015-07-08",
      "sales": 763.07
    },
    {
      "date": "2015-07-09",
      "sales": 265.52
    },
    {
      "date": "2015-07-11",
      "sales": 2022.36
    },
    {
      "date": "2015-07-12",
      "sales": 1960.01
    },
    {
      "date": "2015-07-13",
      "sales": 351.22
    },
    {
      "date": "2015-07-14",
      "sales": 292.59
    },
    {
      "date": "2015-07-15",
      "sales": 9.51
    },
    {
      "date": "2015-07-18",
      "sales": 273.04
    },
    {
      "date": "2015-07-19",
      "sales": 461.33
    },
    {
      "date": "2015-07-20",
      "sales": 2285.79
    },
    {
      "date": "2015-07-21",
      "sales": 1961.48
    },
    {
      "date": "2015-07-22",
      "sales": 1348.34
    },
    {
      "date": "2015-07-23",
      "sales": 2613.18
    },
    {
      "date": "2015-07-25",
      "sales": 8341.29
    },
    {
      "date": "2015-07-26",
      "sales": 5039.99
    },
    {
      "date": "2015-07-27",
      "sales": 580.06
    },
    {
      "date": "2015-07-28",
      "sales": 193.15
    },
    {
      "date": "2015-07-30",
      "sales": 1367.84
    },
    {
      "date": "2015-08-01",
      "sales": 228.33
    },
    {
      "date": "2015-08-02",
      "sales": 886.28
    },
    {
      "date": "2015-08-03",
      "sales": 477.99
    },
    {
      "date": "2015-08-04",
      "sales": 2743.15
    },
    {
      "date": "2015-08-05",
      "sales": 2408.72
    },
    {
      "date": "2015-08-06",
      "sales": 262.89
    },
    {
      "date": "2015-08-08",
      "sales": 3955.63
    },
    {
      "date": "2015-08-09",
      "sales": 3605.69
    },
    {
      "date": "2015-08-11",
      "sales": 451.62
    },
    {
      "date": "2015-08-12",
      "sales": 1545.73
    },
    {
      "date": "2015-08-15",
      "sales": 337.5
    },
    {
      "date": "2015-08-16",
      "sales": 853.09
    },
    {
      "date": "2015-08-17",
      "sales": 500.34
    },
    {
      "date": "2015-08-19",
      "sales": 1439.11
    },
    {
      "date": "2015-08-20",
      "sales": 1838.72
    },
    {
      "date": "2015-08-22",
      "sales": 23.1
    },
    {
      "date": "2015-08-23",
      "sales": 565.22
    },
    {
      "date": "2015-08-24",
      "sales": 59.74
    },
    {
      "date": "2015-08-25",
      "sales": 1451.65
    },
    {
      "date": "2015-08-26",
      "sales": 366.81
    },
    {
      "date": "2015-08-27",
      "sales": 2070.13
    },
    {
      "date": "2015-08-29",
      "sales": 832.32
    },
    {
      "date": "2015-08-30",
      "sales": 121.24
    },
    {
      "date": "2015-08-31",
      "sales": 92.52
    },
    {
      "date": "2015-09-01",
      "sales": 469.44
    },
    {
      "date": "2015-09-02",
      "sales": 3254.15
    },
    {
      "date": "2015-09-03",
      "sales": 22.08
    },
    {
      "date": "2015-09-05",
      "sales": 296.3
    },
    {
      "date": "2015-09-06",
      "sales": 100.36
    },
    {
      "date": "2015-09-07",
      "sales": 3523.88
    },
    {
      "date": "2015-09-08",
      "sales": 14228.43
    },
    {
      "date": "2015-09-09",
      "sales": 4043.59
    },
    {
      "date": "2015-09-10",
      "sales": 1855.23
    },
    {
      "date": "2015-09-11",
      "sales": 127.95
    },
    {
      "date": "2015-09-12",
      "sales": 4904.66
    },
    {
      "date": "2015-09-13",
      "sales": 1275.41
    },
    {
      "date": "2015-09-14",
      "sales": 5023.72
    },
    {
      "date": "2015-09-15",
      "sales": 133.44
    },
    {
      "date": "2015-09-16",
      "sales": 33.55
    },
    {
      "date": "2015-09-17",
      "sales": 820.52
    },
    {
      "date": "2015-09-19",
      "sales": 9338.64
    },
    {
      "date": "2015-09-20",
      "sales": 5335.97
    },
    {
      "date": "2015-09-21",
      "sales": 2679.65
    },
    {
      "date": "2015-09-22",
      "sales": 1240.27
    },
    {
      "date": "2015-09-23",
      "sales": 10662.34
    },
    {
      "date": "2015-09-24",
      "sales": 211.96
    },
    {
      "date": "2015-09-25",
      "sales": 354.89
    },
    {
      "date": "2015-09-26",
      "sales": 1326.79
    },
    {
      "date": "2015-09-27",
      "sales": 773.44
    },
    {
      "date": "2015-09-28",
      "sales": 490.29
    },
    {
      "date": "2015-09-29",
      "sales": 8109.07
    },
    {
      "date": "2015-09-30",
      "sales": 987.53
    },
    {
      "date": "2015-10-01",
      "sales": 4.71
    },
    {
      "date": "2015-10-02",
      "sales": 598.14
    },
    {
      "date": "2015-10-03",
      "sales": 862.68
    },
    {
      "date": "2015-10-04",
      "sales": 728.75
    },
    {
      "date": "2015-10-05",
      "sales": 191.9
    },
    {
      "date": "2015-10-06",
      "sales": 494.71
    },
    {
      "date": "2015-10-07",
      "sales": 237.36
    },
    {
      "date": "2015-10-08",
      "sales": 147.39
    },
    {
      "date": "2015-10-09",
      "sales": 249.36
    },
    {
      "date": "2015-10-10",
      "sales": 2049.39
    },
    {
      "date": "2015-10-11",
      "sales": 1381.16
    },
    {
      "date": "2015-10-12",
      "sales": 58.53
    },
    {
      "date": "2015-10-13",
      "sales": 2212.18
    },
    {
      "date": "2015-10-14",
      "sales": 4525.48
    },
    {
      "date": "2015-10-15",
      "sales": 206.72
    },
    {
      "date": "2015-10-16",
      "sales": 194.32
    },
    {
      "date": "2015-10-17",
      "sales": 136.07
    },
    {
      "date": "2015-10-18",
      "sales": 3134.92
    },
    {
      "date": "2015-10-19",
      "sales": 641.1
    },
    {
      "date": "2015-10-20",
      "sales": 1501.1
    },
    {
      "date": "2015-10-21",
      "sales": 1356.6
    },
    {
      "date": "2015-10-22",
      "sales": 223.81
    },
    {
      "date": "2015-10-24",
      "sales": 56.49
    },
    {
      "date": "2015-10-25",
      "sales": 103.88
    },
    {
      "date": "2015-10-26",
      "sales": 447.88
    },
    {
      "date": "2015-10-27",
      "sales": 22.32
    },
    {
      "date": "2015-10-28",
      "sales": 1510.58
    },
    {
      "date": "2015-10-29",
      "sales": 2813.81
    },
    {
      "date": "2015-10-31",
      "sales": 5362.03
    },
    {
      "date": "2015-11-01",
      "sales": 4637.82
    },
    {
      "date": "2015-11-02",
      "sales": 2126.37
    },
    {
      "date": "2015-11-03",
      "sales": 2784.16
    },
    {
      "date": "2015-11-04",
      "sales": 6693.75
    },
    {
      "date": "2015-11-05",
      "sales": 1694.56
    },
    {
      "date": "2015-11-07",
      "sales": 1302.45
    },
    {
      "date": "2015-11-08",
      "sales": 333.58
    },
    {
      "date": "2015-11-09",
      "sales": 1574.09
    },
    {
      "date": "2015-11-10",
      "sales": 2002.56
    },
    {
      "date": "2015-11-11",
      "sales": 7836.98
    },
    {
      "date": "2015-11-12",
      "sales": 901.65
    },
    {
      "date": "2015-11-14",
      "sales": 1034.73
    },
    {
      "date": "2015-11-15",
      "sales": 1780.82
    },
    {
      "date": "2015-11-16",
      "sales": 1355.93
    },
    {
      "date": "2015-11-17",
      "sales": 11544.27
    },
    {
      "date": "2015-11-18",
      "sales": 3406.86
    },
    {
      "date": "2015-11-19",
      "sales": 7226.09
    },
    {
      "date": "2015-11-20",
      "sales": 907.56
    },
    {
      "date": "2015-11-21",
      "sales": 1249.62
    },
    {
      "date": "2015-11-22",
      "sales": 1103.3
    },
    {
      "date": "2015-11-23",
      "sales": 1363.28
    },
    {
      "date": "2015-11-24",
      "sales": 5572.86
    },
    {
      "date": "2015-11-25",
      "sales": 4415.7
    },
    {
      "date": "2015-11-26",
      "sales": 1705.99
    },
    {
      "date": "2015-11-27",
      "sales": 203.66
    },
    {
      "date": "2015-11-28",
      "sales": 2280.83
    },
    {
      "date": "2015-11-29",
      "sales": 649.04
    },
    {
      "date": "2015-11-30",
      "sales": 219.15
    },
    {
      "date": "2015-12-01",
      "sales": 5624.39
    },
    {
      "date": "2015-12-02",
      "sales": 1771.81
    },
    {
      "date": "2015-12-03",
      "sales": 505.88
    },
    {
      "date": "2015-12-04",
      "sales": 129.98
    },
    {
      "date": "2015-12-05",
      "sales": 2963.64
    },
    {
      "date": "2015-12-06",
      "sales": 1970.98
    },
    {
      "date": "2015-12-07",
      "sales": 548.4
    },
    {
      "date": "2015-12-08",
      "sales": 1095.12
    },
    {
      "date": "2015-12-09",
      "sales": 1522.65
    },
    {
      "date": "2015-12-10",
      "sales": 573.34
    },
    {
      "date": "2015-12-12",
      "sales": 4938.4
    },
    {
      "date": "2015-12-13",
      "sales": 293.15
    },
    {
      "date": "2015-12-14",
      "sales": 7641.66
    },
    {
      "date": "2015-12-15",
      "sales": 1264.47
    },
    {
      "date": "2015-12-16",
      "sales": 4065.6
    },
    {
      "date": "2015-12-17",
      "sales": 45.53
    },
    {
      "date": "2015-12-19",
      "sales": 3436.76
    },
    {
      "date": "2015-12-20",
      "sales": 6962.44
    },
    {
      "date": "2015-12-21",
      "sales": 1933.44
    },
    {
      "date": "2015-12-22",
      "sales": 798.97
    },
    {
      "date": "2015-12-23",
      "sales": 942.11
    },
    {
      "date": "2015-12-24",
      "sales": 1950.2
    },
    {
      "date": "2015-12-26",
      "sales": 2041.41
    },
    {
      "date": "2015-12-27",
      "sales": 2966.39
    },
    {
      "date": "2015-12-28",
      "sales": 2682.33
    },
    {
      "date": "2015-12-29",
      "sales": 2072.1
    },
    {
      "date": "2015-12-30",
      "sales": 2172.65
    },
    {
      "date": "2015-12-31",
      "sales": 5253.27
    },
    {
      "date": "2016-01-02",
      "sales": 1932.1
    },
    {
      "date": "2016-01-03",
      "sales": 1768.22
    },
    {
      "date": "2016-01-04",
      "sales": 264.46
    },
    {
      "date": "2016-01-05",
      "sales": 295.27
    },
    {
      "date": "2016-01-06",
      "sales": 31.54
    },
    {
      "date": "2016-01-09",
      "sales": 364.07
    },
    {
      "date": "2016-01-10",
      "sales": 1018.1
    },
    {
      "date": "2016-01-12",
      "sales": 747.5
    },
    {
      "date": "2016-01-13",
      "sales": 622.28
    },
    {
      "date": "2016-01-17",
      "sales": 350.38
    },
    {
      "date": "2016-01-19",
      "sales": 301.74
    },
    {
      "date": "2016-01-23",
      "sales": 43.66
    },
    {
      "date": "2016-01-24",
      "sales": 13.12
    },
    {
      "date": "2016-01-26",
      "sales": 182.72
    },
    {
      "date": "2016-01-27",
      "sales": 3573.25
    },
    {
      "date": "2016-01-28",
      "sales": 4297.64
    },
    {
      "date": "2016-01-30",
      "sales": 2161.64
    },
    {
      "date": "2016-01-31",
      "sales": 99.26
    },
    {
      "date": "2016-02-03",
      "sales": 492.84
    },
    {
      "date": "2016-02-06",
      "sales": 2432.54
    },
    {
      "date": "2016-02-07",
      "sales": 324.11
    },
    {
      "date": "2016-02-08",
      "sales": 129.09
    },
    {
      "date": "2016-02-09",
      "sales": 785.55
    },
    {
      "date": "2016-02-10",
      "sales": 77.24
    },
    {
      "date": "2016-02-14",
      "sales": 1079.96
    },
    {
      "date": "2016-02-15",
      "sales": 1602.38
    },
    {
      "date": "2016-02-16",
      "sales": 160.43
    },
    {
      "date": "2016-02-18",
      "sales": 105.84
    },
    {
      "date": "2016-02-20",
      "sales": 316.78
    },
    {
      "date": "2016-02-21",
      "sales": 2591.1
    },
    {
      "date": "2016-02-22",
      "sales": 79.36
    },
    {
      "date": "2016-02-23",
      "sales": 37.78
    },
    {
      "date": "2016-02-25",
      "sales": 25.87
    },
    {
      "date": "2016-02-27",
      "sales": 1159.27
    },
    {
      "date": "2016-02-28",
      "sales": 551.26
    },
    {
      "date": "2016-03-01",
      "sales": 1642.17
    },
    {
      "date": "2016-03-02",
      "sales": 899.57
    },
    {
      "date": "2016-03-05",
      "sales": 1969.27
    },
    {
      "date": "2016-03-06",
      "sales": 1555.24
    },
    {
      "date": "2016-03-07",
      "sales": 807.54
    },
    {
      "date": "2016-03-08",
      "sales": 2563.3
    },
    {
      "date": "2016-03-09",
      "sales": 478.01
    },
    {
      "date": "2016-03-10",
      "sales": 90.93
    },
    {
      "date": "2016-03-12",
      "sales": 51.02
    },
    {
      "date": "2016-03-13",
      "sales": 1384.86
    },
    {
      "date": "2016-03-14",
      "sales": 707.9
    },
    {
      "date": "2016-03-15",
      "sales": 16.78
    },
    {
      "date": "2016-03-16",
      "sales": 7230.21
    },
    {
      "date": "2016-03-17",
      "sales": 48.84
    },
    {
      "date": "2016-03-19",
      "sales": 5203.89
    },
    {
      "date": "2016-03-20",
      "sales": 102.52
    },
    {
      "date": "2016-03-21",
      "sales": 1270.38
    },
    {
      "date": "2016-03-22",
      "sales": 2481.42
    },
    {
      "date": "2016-03-23",
      "sales": 633.3
    },
    {
      "date": "2016-03-24",
      "sales": 412.95
    },
    {
      "date": "2016-03-26",
      "sales": 131.16
    },
    {
      "date": "2016-03-27",
      "sales": 83.7
    },
    {
      "date": "2016-03-28",
      "sales": 243.34
    },
    {
      "date": "2016-03-29",
      "sales": 1559.08
    },
    {
      "date": "2016-03-30",
      "sales": 571.22
    },
    {
      "date": "2016-03-31",
      "sales": 200.72
    },
    {
      "date": "2016-04-02",
      "sales": 299.22
    },
    {
      "date": "2016-04-04",
      "sales": 1484.6
    },
    {
      "date": "2016-04-05",
      "sales": 2974.06
    },
    {
      "date": "2016-04-06",
      "sales": 140.0
    },
    {
      "date": "2016-04-07",
      "sales": 907.44
    },
    {
      "date": "2016-04-09",
      "sales": 757.99
    },
    {
      "date": "2016-04-10",
      "sales": 169.54
    },
    {
      "date": "2016-04-11",
      "sales": 1328.35
    },
    {
      "date": "2016-04-13",
      "sales": 3192.68
    },
    {
      "date": "2016-04-14",
      "sales": 35.21
    },
    {
      "date": "2016-04-16",
      "sales": 4161.97
    },
    {
      "date": "2016-04-17",
      "sales": 2745.11
    },
    {
      "date": "2016-04-18",
      "sales": 2006.96
    },
    {
      "date": "2016-04-19",
      "sales": 329.96
    },
    {
      "date": "2016-04-20",
      "sales": 1194.73
    },
    {
      "date": "2016-04-21",
      "sales": 893.09
    },
    {
      "date": "2016-04-22",
      "sales": 152.92
    },
    {
      "date": "2016-04-24",
      "sales": 25.99
    },
    {
      "date": "2016-04-25",
      "sales": 920.95
    },
    {
      "date": "2016-04-26",
      "sales": 2090.11
    },
    {
      "date": "2016-04-27",
      "sales": 2719.59
    },
    {
      "date": "2016-04-28",
      "sales": 4044.36
    },
    {
      "date": "2016-04-29",
      "sales": 7.97
    },
    {
      "date": "2016-04-30",
      "sales": 1571.7
    },
    {
      "date": "2016-05-01",
      "sales": 450.94
    },
    {
      "date": "2016-05-02",
      "sales": 167.23
    },
    {
      "date": "2016-05-03",
      "sales": 2198.76
    },
    {
      "date": "2016-05-04",
      "sales": 1121.36
    },
    {
      "date": "2016-05-07",
      "sales": 305.62
    },
    {
      "date": "2016-05-08",
      "sales": 3981.97
    },
    {
      "date": "2016-05-09",
      "sales": 48.81
    },
    {
      "date": "2016-05-10",
      "sales": 154.44
    },
    {
      "date": "2016-05-11",
      "sales": 191.97
    },
    {
      "date": "2016-05-12",
      "sales": 1060.35
    },
    {
      "date": "2016-05-13",
      "sales": 238.38
    },
    {
      "date": "2016-05-14",
      "sales": 3141.2
    },
    {
      "date": "2016-05-15",
      "sales": 69.91
    },
    {
      "date": "2016-05-16",
      "sales": 255.97
    },
    {
      "date": "2016-05-17",
      "sales": 47.37
    },
    {
      "date": "2016-05-18",
      "sales": 10.86
    },
    {
      "date": "2016-05-20",
      "sales": 169.54
    },
    {
      "date": "2016-05-21",
      "sales": 72.33
    },
    {
      "date": "2016-05-22",
      "sales": 3862.1
    },
    {
      "date": "2016-05-23",
      "sales": 1304.96
    },
    {
      "date": "2016-05-24",
      "sales": 610.31
    },
    {
      "date": "2016-05-25",
      "sales": 1739.42
    },
    {
      "date": "2016-05-26",
      "sales": 982.56
    },
    {
      "date": "2016-05-28",
      "sales": 794.15
    },
    {
      "date": "2016-05-29",
      "sales": 1119.79
    },
    {
      "date": "2016-05-30",
      "sales": 681.1
    },
    {
      "date": "2016-05-31",
      "sales": 5178.14
    },
    {
      "date": "2016-06-01",
      "sales": 834.2
    },
    {
      "date": "2016-06-04",
      "sales": 1192.31
    },
    {
      "date": "2016-06-05",
      "sales": 1533.2
    },
    {
      "date": "2016-06-07",
      "sales": 59.77
    },
    {
      "date": "2016-06-08",
      "sales": 145.5
    },
    {
      "date": "2016-06-09",
      "sales": 797.12
    },
    {
      "date": "2016-06-11",
      "sales": 3373.56
    },
    {
      "date": "2016-06-12",
      "sales": 174.48
    },
    {
      "date": "2016-06-13",
      "sales": 1128.9
    },
    {
      "date": "2016-06-14",
      "sales": 51.07
    },
    {
      "date": "2016-06-15",
      "sales": 734.14
    },
    {
      "date": "2016-06-16",
      "sales": 3443.9
    },
    {
      "date": "2016-06-18",
      "sales": 1883.09
    },
    {
      "date": "2016-06-19",
      "sales": 446.35
    },
    {
      "date": "2016-06-20",
      "sales": 829.54
    },
    {
      "date": "2016-06-21",
      "sales": 107.98
    },
    {
      "date": "2016-06-22",
      "sales": 2018.95
    },
    {
      "date": "2016-06-23",
      "sales": 836.96
    },
    {
      "date": "2016-06-25",
      "sales": 857.08
    },
    {
      "date": "2016-06-26",
      "sales": 1592.2
    },
    {
      "date": "2016-06-28",
      "sales": 1126.16
    },
    {
      "date": "2016-06-29",
      "sales": 432.93
    },
    {
      "date": "2016-07-02",
      "sales": 1631.9
    },
    {
      "date": "2016-07-03",
      "sales": 823.98
    },
    {
      "date": "2016-07-04",
      "sales": 1138.29
    },
    {
      "date": "2016-07-05",
      "sales": 121.65
    },
    {
      "date": "2016-07-06",
      "sales": 1379.81
    },
    {
      "date": "2016-07-08",
      "sales": 21.12
    },
    {
      "date": "2016-07-09",
      "sales": 1587.11
    },
    {
      "date": "2016-07-10",
      "sales": 43.29
    },
    {
      "date": "2016-07-11",
      "sales": 1941.95
    },
    {
      "date": "2016-07-12",
      "sales": 2052.57
    },
    {
      "date": "2016-07-13",
      "sales": 2033.26
    },
    {
      "date": "2016-07-14",
      "sales": 860.92
    },
    {
      "date": "2016-07-16",
      "sales": 3029.39
    },
    {
      "date": "2016-07-17",
      "sales": 448.08
    },
    {
      "date": "2016-07-18",
      "sales": 525.72
    },
    {
      "date": "2016-07-19",
      "sales": 2.02
    },
    {
      "date": "2016-07-20",
      "sales": 2693.17
    },
    {
      "date": "2016-07-23",
      "sales": 208.27
    },
    {
      "date": "2016-07-24",
      "sales": 525.95
    },
    {
      "date": "2016-07-25",
      "sales": 2395.02
    },
    {
      "date": "2016-07-26",
      "sales": 958.86
    },
    {
      "date": "2016-07-27",
      "sales": 29.97
    },
    {
      "date": "2016-07-30",
      "sales": 443.8
    },
    {
      "date": "2016-07-31",
      "sales": 3712.16
    },
    {
      "date": "2016-08-01",
      "sales": 1011.7
    },
    {
      "date": "2016-08-02",
      "sales": 1290.48
    },
    {
      "date": "2016-08-05",
      "sales": 72.65
    },
    {
      "date": "2016-08-06",
      "sales": 494.87
    },
    {
      "date": "2016-08-07",
      "sales": 968.21
    },
    {
      "date": "2016-08-08",
      "sales": 760.11
    },
    {
      "date": "2016-08-09",
      "sales": 4878.39
    },
    {
      "date": "2016-08-10",
      "sales": 851.47
    },
    {
      "date": "2016-08-11",
      "sales": 196.11
    },
    {
      "date": "2016-08-13",
      "sales": 586.9
    },
    {
      "date": "2016-08-15",
      "sales": 497.59
    },
    {
      "date": "2016-08-16",
      "sales": 3378.93
    },
    {
      "date": "2016-08-17",
      "sales": 381.64
    },
    {
      "date": "2016-08-21",
      "sales": 2827.52
    },
    {
      "date": "2016-08-22",
      "sales": 66.63
    },
    {
      "date": "2016-08-23",
      "sales": 1202.28
    },
    {
      "date": "2016-08-24",
      "sales": 7194.78
    },
    {
      "date": "2016-08-25",
      "sales": 178.53
    },
    {
      "date": "2016-08-27",
      "sales": 639.97
    },
    {
      "date": "2016-08-28",
      "sales": 6491.29
    },
    {
      "date": "2016-08-29",
      "sales": 246.5
    },
    {
      "date": "2016-08-31",
      "sales": 2601.8
    },
    {
      "date": "2016-09-01",
      "sales": 2367.56
    },
    {
      "date": "2016-09-03",
      "sales": 1874.9
    },
    {
      "date": "2016-09-04",
      "sales": 1071.28
    },
    {
      "date": "2016-09-05",
      "sales": 934.1
    },
    {
      "date": "2016-09-06",
      "sales": 919.67
    },
    {
      "date": "2016-09-07",
      "sales": 2922.67
    },
    {
      "date": "2016-09-08",
      "sales": 89.64
    },
    {
      "date": "2016-09-10",
      "sales": 1415.73
    },
    {
      "date": "2016-09-11",
      "sales": 1962.13
    },
    {
      "date": "2016-09-12",
      "sales": 707.82
    },
    {
      "date": "2016-09-13",
      "sales": 2109.42
    },
    {
      "date": "2016-09-14",
      "sales": 3262.42
    },
    {
      "date": "2016-09-15",
      "sales": 2535.85
    },
    {
      "date": "2016-09-16",
      "sales": 31.12
    },
    {
      "date": "2016-09-17",
      "sales": 11525.01
    },
    {
      "date": "2016-09-18",
      "sales": 3924.32
    },
    {
      "date": "2016-09-19",
      "sales": 500.38
    },
    {
      "date": "2016-09-20",
      "sales": 1836.05
    },
    {
      "date": "2016-09-21",
      "sales": 6982.06
    },
    {
      "date": "2016-09-22",
      "sales": 1783.5
    },
    {
      "date": "2016-09-24",
      "sales": 4180.61
    },
    {
      "date": "2016-09-25",
      "sales": 3033.76
    },
    {
      "date": "2016-09-26",
      "sales": 3722.27
    },
    {
      "date": "2016-09-27",
      "sales": 2382.96
    },
    {
      "date": "2016-09-28",
      "sales": 1058.36
    },
    {
      "date": "2016-10-01",
      "sales": 1158.41
    },
    {
      "date": "2016-10-02",
      "sales": 1269.27
    },
    {
      "date": "2016-10-03",
      "sales": 275.22
    },
    {
      "date": "2016-10-04",
      "sales": 505.58
    },
    {
      "date": "2016-10-05",
      "sales": 851.09
    },
    {
      "date": "2016-10-08",
      "sales": 222.12
    },
    {
      "date": "2016-10-09",
      "sales": 2133.54
    },
    {
      "date": "2016-10-10",
      "sales": 1855.01
    },
    {
      "date": "2016-10-11",
      "sales": 1011.9
    },
    {
      "date": "2016-10-12",
      "sales": 2390.76
    },
    {
      "date": "2016-10-13",
      "sales": 371.66
    },
    {
      "date": "2016-10-15",
      "sales": 3219.55
    },
    {
      "date": "2016-10-16",
      "sales": 824.97
    },
    {
      "date": "2016-10-17",
      "sales": 77.88
    },
    {
      "date": "2016-10-18",
      "sales": 378.49
    },
    {
      "date": "2016-10-19",
      "sales": 2135.09
    },
    {
      "date": "2016-10-20",
      "sales": 720.09
    },
    {
      "date": "2016-10-22",
      "sales": 15.13
    },
    {
      "date": "2016-10-23",
      "sales": 2262.3
    },
    {
      "date": "2016-10-24",
      "sales": 831.14
    },
    {
      "date": "2016-10-25",
      "sales": 1425.41
    },
    {
      "date": "2016-10-26",
      "sales": 1395.33
    },
    {
      "date": "2016-10-28",
      "sales": 104.51
    },
    {
      "date": "2016-10-29",
      "sales": 244.24
    },
    {
      "date": "2016-10-30",
      "sales": 2122.04
    },
    {
      "date": "2016-10-31",
      "sales": 3211.01
    },
    {
      "date": "2016-11-01",
      "sales": 3106.11
    },
    {
      "date": "2016-11-02",
      "sales": 5528.55
    },
    {
      "date": "2016-11-03",
      "sales": 2800.85
    },
    {
      "date": "2016-11-05",
      "sales": 834.87
    },
    {
      "date": "2016-11-06",
      "sales": 11.48
    },
    {
      "date": "2016-11-07",
      "sales": 3073.07
    },
    {
      "date": "2016-11-08",
      "sales": 12197.0
    },
    {
      "date": "2016-11-09",
      "sales": 4620.29
    },
    {
      "date": "2016-11-10",
      "sales": 3536.9
    },
    {
      "date": "2016-11-11",
      "sales": 542.18
    },
    {
      "date": "2016-11-12",
      "sales": 1127.99
    },
    {
      "date": "2016-11-13",
      "sales": 2867.91
    },
    {
      "date": "2016-11-14",
      "sales": 2512.71
    },
    {
      "date": "2016-11-15",
      "sales": 702.17
    },
    {
      "date": "2016-11-16",
      "sales": 4072.33
    },
    {
      "date": "2016-11-17",
      "sales": 3885.99
    },
    {
      "date": "2016-11-19",
      "sales": 1040.78
    },
    {
      "date": "2016-11-20",
      "sales": 2861.15
    },
    {
      "date": "2016-11-21",
      "sales": 3613.57
    },
    {
      "date": "2016-11-22",
      "sales": 614.5
    },
    {
      "date": "2016-11-23",
      "sales": 3450.19
    },
    {
      "date": "2016-11-24",
      "sales": 1218.76
    },
    {
      "date": "2016-11-25",
      "sales": 13.12
    },
    {
      "date": "2016-11-26",
      "sales": 1484.08
    },
    {
      "date": "2016-11-27",
      "sales": 3109.78
    },
    {
      "date": "2016-11-28",
      "sales": 1864.48
    },
    {
      "date": "2016-11-29",
      "sales": 2760.17
    },
    {
      "date": "2016-11-30",
      "sales": 1798.4
    },
    {
      "date": "2016-12-01",
      "sales": 7130.59
    },
    {
      "date": "2016-12-03",
      "sales": 1972.64
    },
    {
      "date": "2016-12-04",
      "sales": 5185.81
    },
    {
      "date": "2016-12-05",
      "sales": 897.32
    },
    {
      "date": "2016-12-06",
      "sales": 6061.5
    },
    {
      "date": "2016-12-07",
      "sales": 1338.3
    },
    {
      "date": "2016-12-08",
      "sales": 2672.73
    },
    {
      "date": "2016-12-09",
      "sales": 34.02
    },
    {
      "date": "2016-12-10",
      "sales": 3080.38
    },
    {
      "date": "2016-12-11",
      "sales": 1590.89
    },
    {
      "date": "2016-12-12",
      "sales": 1448.85
    },
    {
      "date": "2016-12-13",
      "sales": 1023.39
    },
    {
      "date": "2016-12-14",
      "sales": 488.74
    },
    {
      "date": "2016-12-15",
      "sales": 5494.8
    },
    {
      "date": "2016-12-16",
      "sales": 4.98
    },
    {
      "date": "2016-12-17",
      "sales": 1918.49
    },
    {
      "date": "2016-12-18",
      "sales": 935.29
    },
    {
      "date": "2016-12-19",
      "sales": 6120.66
    },
    {
      "date": "2016-12-20",
      "sales": 1107.46
    },
    {
      "date": "2016-12-21",
      "sales": 3257.76
    },
    {
      "date": "2016-12-22",
      "sales": 473.31
    },
    {
      "date": "2016-12-23",
      "sales": 194.32
    },
    {
      "date": "2016-12-24",
      "sales": 7484.57
    },
    {
      "date": "2016-12-25",
      "sales": 4204.97
    },
    {
      "date": "2016-12-26",
      "sales": 561.49
    },
    {
      "date": "2016-12-27",
      "sales": 5148.45
    },
    {
      "date": "2016-12-28",
      "sales": 79.2
    },
    {
      "date": "2016-12-30",
      "sales": 3251.34
    },
    {
      "date": "2016-12-31",
      "sales": 1381.34
    },
    {
      "date": "2017-01-02",
      "sales": 405.92
    },
    {
      "date": "2017-01-03",
      "sales": 2095.83
    },
    {
      "date": "2017-01-04",
      "sales": 1069.22
    },
    {
      "date": "2017-01-05",
      "sales": 255.9
    },
    {
      "date": "2017-01-07",
      "sales": 83.58
    },
    {
      "date": "2017-01-08",
      "sales": 1859.16
    },
    {
      "date": "2017-01-09",
      "sales": 743.05
    },
    {
      "date": "2017-01-10",
      "sales": 174.75
    },
    {
      "date": "2017-01-11",
      "sales": 149.44
    },
    {
      "date": "2017-01-14",
      "sales": 405.34
    },
    {
      "date": "2017-01-15",
      "sales": 701.92
    },
    {
      "date": "2017-01-16",
      "sales": 102.22
    },
    {
      "date": "2017-01-17",
      "sales": 1040.55
    },
    {
      "date": "2017-01-21",
      "sales": 1167.06
    },
    {
      "date": "2017-01-22",
      "sales": 917.63
    },
    {
      "date": "2017-01-23",
      "sales": 1732.3
    },
    {
      "date": "2017-01-24",
      "sales": 31.36
    },
    {
      "date": "2017-01-25",
      "sales": 858.71
    },
    {
      "date": "2017-01-28",
      "sales": 39.68
    },
    {
      "date": "2017-01-30",
      "sales": 3107.32
    },
    {
      "date": "2017-01-31",
      "sales": 1601.55
    },
    {
      "date": "2017-02-01",
      "sales": 161.97
    },
    {
      "date": "2017-02-02",
      "sales": 8996.78
    },
    {
      "date": "2017-02-03",
      "sales": 866.4
    },
    {
      "date": "2017-02-04",
      "sales": 197.87
    },
    {
      "date": "2017-02-05",
      "sales": 2994.48
    },
    {
      "date": "2017-02-06",
      "sales": 132.22
    },
    {
      "date": "2017-02-07",
      "sales": 762.14
    },
    {
      "date": "2017-02-08",
      "sales": 1369.48
    },
    {
      "date": "2017-02-09",
      "sales": 121.83
    },
    {
      "date": "2017-02-11",
      "sales": 69.93
    },
    {
      "date": "2017-02-12",
      "sales": 1366.04
    },
    {
      "date": "2017-02-13",
      "sales": 146.82
    },
    {
      "date": "2017-02-14",
      "sales": 837.92
    },
    {
      "date": "2017-02-15",
      "sales": 407.07
    },
    {
      "date": "2017-02-16",
      "sales": 1135.64
    },
    {
      "date": "2017-02-19",
      "sales": 392.66
    },
    {
      "date": "2017-02-20",
      "sales": 16.5
    },
    {
      "date": "2017-02-21",
      "sales": 1524.13
    },
    {
      "date": "2017-02-22",
      "sales": 983.17
    },
    {
      "date": "2017-02-23",
      "sales": 57.58
    },
    {
      "date": "2017-02-25",
      "sales": 46.72
    },
    {
      "date": "2017-02-27",
      "sales": 243.89
    },
    {
      "date": "2017-02-28",
      "sales": 147.58
    },
    {
      "date": "2017-03-01",
      "sales": 6285.81
    },
    {
      "date": "2017-03-03",
      "sales": 7264.42
    },
    {
      "date": "2017-03-04",
      "sales": 315.45
    },
    {
      "date": "2017-03-05",
      "sales": 162.34
    },
    {
      "date": "2017-03-06",
      "sales": 811.3
    },
    {
      "date": "2017-03-07",
      "sales": 21.07
    },
    {
      "date": "2017-03-08",
      "sales": 2190.81
    },
    {
      "date": "2017-03-09",
      "sales": 635.6
    },
    {
      "date": "2017-03-10",
      "sales": 7879.73
    },
    {
      "date": "2017-03-11",
      "sales": 896.02
    },
    {
      "date": "2017-03-12",
      "sales": 1694.64
    },
    {
      "date": "2017-03-13",
      "sales": 8866.88
    },
    {
      "date": "2017-03-14",
      "sales": 669.37
    },
    {
      "date": "2017-03-15",
      "sales": 1805.99
    },
    {
      "date": "2017-03-17",
      "sales": 2360.33
    },
    {
      "date": "2017-03-18",
      "sales": 1061.68
    },
    {
      "date": "2017-03-19",
      "sales": 138.68
    },
    {
      "date": "2017-03-20",
      "sales": 928.31
    },
    {
      "date": "2017-03-21",
      "sales": 645.71
    },
    {
      "date": "2017-03-22",
      "sales": 226.47
    },
    {
      "date": "2017-03-24",
      "sales": 745.77
    },
    {
      "date": "2017-03-25",
      "sales": 1346.97
    },
    {
      "date": "2017-03-26",
      "sales": 682.25
    },
    {
      "date": "2017-03-27",
      "sales": 92.7
    },
    {
      "date": "2017-03-28",
      "sales": 125.3
    },
    {
      "date": "2017-03-29",
      "sales": 2659.34
    },
    {
      "date": "2017-03-30",
      "sales": 11.34
    },
    {
      "date": "2017-03-31",
      "sales": 640.76
    },
    {
      "date": "2017-04-01",
      "sales": 2161.48
    },
    {
      "date": "2017-04-02",
      "sales": 1454.9
    },
    {
      "date": "2017-04-03",
      "sales": 441.2
    },
    {
      "date": "2017-04-04",
      "sales": 970.19
    },
    {
      "date": "2017-04-05",
      "sales": 1046.33
    },
    {
      "date": "2017-04-06",
      "sales": 1294.75
    },
    {
      "date": "2017-04-07",
      "sales": 1900.3
    },
    {
      "date": "2017-04-08",
      "sales": 2906.4
    },
    {
      "date": "2017-04-09",
      "sales": 1115.2
    },
    {
      "date": "2017-04-10",
      "sales": 950.59
    },
    {
      "date": "2017-04-12",
      "sales": 1542.53
    },
    {
      "date": "2017-04-13",
      "sales": 6.12
    },
    {
      "date": "2017-04-14",
      "sales": 1466.57
    },
    {
      "date": "2017-04-15",
      "sales": 2201.86
    },
    {
      "date": "2017-04-16",
      "sales": 9335.09
    },
    {
      "date": "2017-04-17",
      "sales": 421.08
    },
    {
      "date": "2017-04-18",
      "sales": 2514.54
    },
    {
      "date": "2017-04-19",
      "sales": 1414.13
    },
    {
      "date": "2017-04-21",
      "sales": 271.62
    },
    {
      "date": "2017-04-22",
      "sales": 1765.46
    },
    {
      "date": "2017-04-23",
      "sales": 720.37
    },
    {
      "date": "2017-04-24",
      "sales": 1607.1
    },
    {
      "date": "2017-04-25",
      "sales": 108.42
    },
    {
      "date": "2017-04-26",
      "sales": 434.65
    },
    {
      "date": "2017-04-28",
      "sales": 486.67
    },
    {
      "date": "2017-04-30",
      "sales": 142.21
    },
    {
      "date": "2017-05-01",
      "sales": 517.87
    },
    {
      "date": "2017-05-02",
      "sales": 767.32
    },
    {
      "date": "2017-05-03",
      "sales": 1099.01
    },
    {
      "date": "2017-05-05",
      "sales": 2701.28
    },
    {
      "date": "2017-05-06",
      "sales": 236.96
    },
    {
      "date": "2017-05-07",
      "sales": 4835.98
    },
    {
      "date": "2017-05-08",
      "sales": 1340.24
    },
    {
      "date": "2017-05-09",
      "sales": 1283.51
    },
    {
      "date": "2017-05-10",
      "sales": 763.02
    },
    {
      "date": "2017-05-11",
      "sales": 5.98
    },
    {
      "date": "2017-05-12",
      "sales": 918.88
    },
    {
      "date": "2017-05-14",
      "sales": 455.93
    },
    {
      "date": "2017-05-15",
      "sales": 648.91
    },
    {
      "date": "2017-05-16",
      "sales": 880.46
    },
    {
      "date": "2017-05-17",
      "sales": 346.92
    },
    {
      "date": "2017-05-18",
      "sales": 122.22
    },
    {
      "date": "2017-05-19",
      "sales": 1582.01
    },
    {
      "date": "2017-05-20",
      "sales": 2471.91
    },
    {
      "date": "2017-05-21",
      "sales": 2718.21
    },
    {
      "date": "2017-05-22",
      "sales": 1799.2
    },
    {
      "date": "2017-05-23",
      "sales": 10560.98
    },
    {
      "date": "2017-05-24",
      "sales": 277.76
    },
    {
      "date": "2017-05-25",
      "sales": 1311.97
    },
    {
      "date": "2017-05-26",
      "sales": 1975.36
    },
    {
      "date": "2017-05-27",
      "sales": 5305.08
    },
    {
      "date": "2017-05-28",
      "sales": 2137.32
    },
    {
      "date": "2017-05-29",
      "sales": 1063.18
    },
    {
      "date": "2017-05-30",
      "sales": 8090.58
    },
    {
      "date": "2017-05-31",
      "sales": 438.86
    },
    {
      "date": "2017-06-02",
      "sales": 157.84
    },
    {
      "date": "2017-06-04",
      "sales": 2316.52
    },
    {
      "date": "2017-06-05",
      "sales": 659.82
    },
    {
      "date": "2017-06-06",
      "sales": 5477.35
    },
    {
      "date": "2017-06-07",
      "sales": 51.56
    },
    {
      "date": "2017-06-09",
      "sales": 1688.47
    },
    {
      "date": "2017-06-10",
      "sales": 1412.4
    },
    {
      "date": "2017-06-11",
      "sales": 1623.42
    },
    {
      "date": "2017-06-12",
      "sales": 2962.56
    },
    {
      "date": "2017-06-13",
      "sales": 430.44
    },
    {
      "date": "2017-06-14",
      "sales": 3457.1
    },
    {
      "date": "2017-06-15",
      "sales": 173.49
    },
    {
      "date": "2017-06-16",
      "sales": 147.27
    },
    {
      "date": "2017-06-17",
      "sales": 3000.92
    },
    {
      "date": "2017-06-18",
      "sales": 541.94
    },
    {
      "date": "2017-06-19",
      "sales": 17.12
    },
    {
      "date": "2017-06-20",
      "sales": 1229.55
    },
    {
      "date": "2017-06-21",
      "sales": 577.11
    },
    {
      "date": "2017-06-23",
      "sales": 2475.09
    },
    {
      "date": "2017-06-24",
      "sales": 5310.95
    },
    {
      "date": "2017-06-25",
      "sales": 893.27
    },
    {
      "date": "2017-06-26",
      "sales": 1919.6
    },
    {
      "date": "2017-06-27",
      "sales": 778.71
    },
    {
      "date": "2017-06-28",
      "sales": 877.16
    },
    {
      "date": "2017-06-29",
      "sales": 191.88
    },
    {
      "date": "2017-06-30",
      "sales": 1352.95
    },
    {
      "date": "2017-07-01",
      "sales": 1724.38
    },
    {
      "date": "2017-07-02",
      "sales": 772.79
    },
    {
      "date": "2017-07-03",
      "sales": 847.7
    },
    {
      "date": "2017-07-04",
      "sales": 1651.3
    },
    {
      "date": "2017-07-07",
      "sales": 3882.23
    },
    {
      "date": "2017-07-08",
      "sales": 2616.51
    },
    {
      "date": "2017-07-09",
      "sales": 573.29
    },
    {
      "date": "2017-07-10",
      "sales": 895.9
    },
    {
      "date": "2017-07-12",
      "sales": 95.76
    },
    {
      "date": "2017-07-14",
      "sales": 2149.96
    },
    {
      "date": "2017-07-15",
      "sales": 380.2
    },
    {
      "date": "2017-07-16",
      "sales": 910.17
    },
    {
      "date": "2017-07-17",
      "sales": 2184.88
    },
    {
      "date": "2017-07-18",
      "sales": 2891.86
    },
    {
      "date": "2017-07-19",
      "sales": 1536.45
    },
    {
      "date": "2017-07-20",
      "sales": 89.95
    },
    {
      "date": "2017-07-21",
      "sales": 991.1
    },
    {
      "date": "2017-07-22",
      "sales": 1368.05
    },
    {
      "date": "2017-07-23",
      "sales": 654.59
    },
    {
      "date": "2017-07-24",
      "sales": 326.96
    },
    {
      "date": "2017-07-25",
      "sales": 4979.31
    },
    {
      "date": "2017-07-28",
      "sales": 2033.37
    },
    {
      "date": "2017-07-29",
      "sales": 819.15
    },
    {
      "date": "2017-07-30",
      "sales": 1770.78
    },
    {
      "date": "2017-07-31",
      "sales": 2174.16
    },
    {
      "date": "2017-08-01",
      "sales": 1124.65
    },
    {
      "date": "2017-08-02",
      "sales": 482.58
    },
    {
      "date": "2017-08-03",
      "sales": 248.82
    },
    {
      "date": "2017-08-04",
      "sales": 497.91
    },
    {
      "date": "2017-08-05",
      "sales": 197.05
    },
    {
      "date": "2017-08-06",
      "sales": 320.39
    },
    {
      "date": "2017-08-07",
      "sales": 179.97
    },
    {
      "date": "2017-08-08",
      "sales": 1115.2
    },
    {
      "date": "2017-08-09",
      "sales": 661.35
    },
    {
      "date": "2017-08-11",
      "sales": 151.82
    },
    {
      "date": "2017-08-12",
      "sales": 3951.96
    },
    {
      "date": "2017-08-13",
      "sales": 731.52
    },
    {
      "date": "2017-08-14",
      "sales": 923.69
    },
    {
      "date": "2017-08-15",
      "sales": 1680.27
    },
    {
      "date": "2017-08-16",
      "sales": 204.54
    },
    {
      "date": "2017-08-17",
      "sales": 15.71
    },
    {
      "date": "2017-08-18",
      "sales": 496.11
    },
    {
      "date": "2017-08-19",
      "sales": 448.79
    },
    {
      "date": "2017-08-20",
      "sales": 14.78
    },
    {
      "date": "2017-08-21",
      "sales": 4225.12
    },
    {
      "date": "2017-08-22",
      "sales": 405.35
    },
    {
      "date": "2017-08-23",
      "sales": 4187.35
    },
    {
      "date": "2017-08-26",
      "sales": 4874.3
    },
    {
      "date": "2017-08-27",
      "sales": 767.91
    },
    {
      "date": "2017-08-28",
      "sales": 322.02
    },
    {
      "date": "2017-08-29",
      "sales": 632.19
    },
    {
      "date": "2017-08-30",
      "sales": 1656.87
    },
    {
      "date": "2017-08-31",
      "sales": 23.97
    },
    {
      "date": "2017-09-01",
      "sales": 5766.15
    },
    {
      "date": "2017-09-02",
      "sales": 6792.19
    },
    {
      "date": "2017-09-03",
      "sales": 2365.6
    },
    {
      "date": "2017-09-04",
      "sales": 1707.81
    },
    {
      "date": "2017-09-05",
      "sales": 5226.35
    },
    {
      "date": "2017-09-06",
      "sales": 1313.54
    },
    {
      "date": "2017-09-08",
      "sales": 4493.98
    },
    {
      "date": "2017-09-09",
      "sales": 84.99
    },
    {
      "date": "2017-09-10",
      "sales": 2094.32
    },
    {
      "date": "2017-09-11",
      "sales": 6402.02
    },
    {
      "date": "2017-09-12",
      "sales": 2043.79
    },
    {
      "date": "2017-09-13",
      "sales": 2374.73
    },
    {
      "date": "2017-09-14",
      "sales": 1137.34
    },
    {
      "date": "2017-09-15",
      "sales": 2101.18
    },
    {
      "date": "2017-09-16",
      "sales": 425.89
    },
    {
      "date": "2017-09-17",
      "sales": 2043.13
    },
    {
      "date": "2017-09-18",
      "sales": 4751.08
    },
    {
      "date": "2017-09-19",
      "sales": 3839.31
    },
    {
      "date": "2017-09-20",
      "sales": 1232.0
    },
    {
      "date": "2017-09-22",
      "sales": 418.06
    },
    {
      "date": "2017-09-23",
      "sales": 1322.14
    },
    {
      "date": "2017-09-24",
      "sales": 2286.05
    },
    {
      "date": "2017-09-25",
      "sales": 2384.0
    },
    {
      "date": "2017-09-26",
      "sales": 2698.17
    },
    {
      "date": "2017-09-27",
      "sales": 1992.99
    },
    {
      "date": "2017-09-28",
      "sales": 99.14
    },
    {
      "date": "2017-09-29",
      "sales": 1271.55
    },
    {
      "date": "2017-09-30",
      "sales": 525.88
    },
    {
      "date": "2017-10-01",
      "sales": 781.41
    },
    {
      "date": "2017-10-02",
      "sales": 18452.97
    },
    {
      "date": "2017-10-03",
      "sales": 1680.7
    },
    {
      "date": "2017-10-04",
      "sales": 5912.78
    },
    {
      "date": "2017-10-06",
      "sales": 830.4
    },
    {
      "date": "2017-10-07",
      "sales": 973.71
    },
    {
      "date": "2017-10-08",
      "sales": 561.54
    },
    {
      "date": "2017-10-09",
      "sales": 546.92
    },
    {
      "date": "2017-10-10",
      "sales": 252.36
    },
    {
      "date": "2017-10-11",
      "sales": 33.06
    },
    {
      "date": "2017-10-13",
      "sales": 1650.62
    },
    {
      "date": "2017-10-14",
      "sales": 3335.89
    },
    {
      "date": "2017-10-15",
      "sales": 1620.15
    },
    {
      "date": "2017-10-16",
      "sales": 142.18
    },
    {
      "date": "2017-10-17",
      "sales": 2953.35
    },
    {
      "date": "2017-10-18",
      "sales": 307.92
    },
    {
      "date": "2017-10-20",
      "sales": 946.17
    },
    {
      "date": "2017-10-21",
      "sales": 7877.27
    },
    {
      "date": "2017-10-22",
      "sales": 188.28
    },
    {
      "date": "2017-10-23",
      "sales": 467.42
    },
    {
      "date": "2017-10-24",
      "sales": 1365.5
    },
    {
      "date": "2017-10-25",
      "sales": 783.96
    },
    {
      "date": "2017-10-27",
      "sales": 978.79
    },
    {
      "date": "2017-10-28",
      "sales": 2899.02
    },
    {
      "date": "2017-10-29",
      "sales": 131.15
    },
    {
      "date": "2017-10-30",
      "sales": 159.0
    },
    {
      "date": "2017-10-31",
      "sales": 3750.5
    },
    {
      "date": "2017-11-01",
      "sales": 453.37
    },
    {
      "date": "2017-11-03",
      "sales": 3802.8
    },
    {
      "date": "2017-11-04",
      "sales": 3888.82
    },
    {
      "date": "2017-11-05",
      "sales": 4266.9
    },
    {
      "date": "2017-11-06",
      "sales": 773.26
    },
    {
      "date": "2017-11-07",
      "sales": 3810.46
    },
    {
      "date": "2017-11-08",
      "sales": 993.9
    },
    {
      "date": "2017-11-09",
      "sales": 479.97
    },
    {
      "date": "2017-11-10",
      "sales": 4723.48
    },
    {
      "date": "2017-11-11",
      "sales": 4944.3
    },
    {
      "date": "2017-11-12",
      "sales": 4914.94
    },
    {
      "date": "2017-11-13",
      "sales": 2945.14
    },
    {
      "date": "2017-11-14",
      "sales": 2774.06
    },
    {
      "date": "2017-11-15",
      "sales": 2145.72
    },
    {
      "date": "2017-11-16",
      "sales": 36.72
    },
    {
      "date": "2017-11-17",
      "sales": 142.68
    },
    {
      "date": "2017-11-18",
      "sales": 3958.93
    },
    {
      "date": "2017-11-19",
      "sales": 638.46
    },
    {
      "date": "2017-11-20",
      "sales": 3070.33
    },
    {
      "date": "2017-11-21",
      "sales": 1176.89
    },
    {
      "date": "2017-11-22",
      "sales": 317.04
    },
    {
      "date": "2017-11-23",
      "sales": 100.62
    },
    {
      "date": "2017-11-24",
      "sales": 6394.54
    },
    {
      "date": "2017-11-25",
      "sales": 7978.55
    },
    {
      "date": "2017-11-26",
      "sales": 8329.74
    },
    {
      "date": "2017-11-27",
      "sales": 1305.77
    },
    {
      "date": "2017-11-28",
      "sales": 3428.37
    },
    {
      "date": "2017-11-29",
      "sales": 300.59
    },
    {
      "date": "2017-11-30",
      "sales": 970.14
    },
    {
      "date": "2017-12-01",
      "sales": 7365.46
    },
    {
      "date": "2017-12-02",
      "sales": 4684.62
    },
    {
      "date": "2017-12-03",
      "sales": 5269.82
    },
    {
      "date": "2017-12-04",
      "sales": 944.29
    },
    {
      "date": "2017-12-05",
      "sales": 5138.93
    },
    {
      "date": "2017-12-06",
      "sales": 2859.97
    },
    {
      "date": "2017-12-08",
      "sales": 4709.1
    },
    {
      "date": "2017-12-09",
      "sales": 1855.48
    },
    {
      "date": "2017-12-10",
      "sales": 3453.23
    },
    {
      "date": "2017-12-11",
      "sales": 6102.25
    },
    {
      "date": "2017-12-12",
      "sales": 1874.04
    },
    {
      "date": "2017-12-13",
      "sales": 1194.09
    },
    {
      "date": "2017-12-14",
      "sales": 828.65
    },
    {
      "date": "2017-12-15",
      "sales": 2637.09
    },
    {
      "date": "2017-12-16",
      "sales": 628.54
    },
    {
      "date": "2017-12-17",
      "sales": 12185.13
    },
    {
      "date": "2017-12-18",
      "sales": 7051.35
    },
    {
      "date": "2017-12-19",
      "sales": 815.11
    },
    {
      "date": "2017-12-20",
      "sales": 134.54
    },
    {
      "date": "2017-12-22",
      "sales": 1043.13
    },
    {
      "date": "2017-12-23",
      "sales": 6965.86
    },
    {
      "date": "2017-12-24",
      "sales": 1938.26
    },
    {
      "date": "2017-12-25",
      "sales": 10488.06
    },
    {
      "date": "2017-12-26",
      "sales": 1829.42
    },
    {
      "date": "2017-12-27",
      "sales": 959.49
    },
    {
      "date": "2017-12-29",
      "sales": 1277.68
    },
    {
      "date": "2017-12-30",
      "sales": 773.77
    },
    {
      "date": "2017-12-31",
      "sales": 731.77
    },
    {
      "date": "2018-01-01",
      "sales": 1481.83
    },
    {
      "date": "2018-01-02",
      "sales": 2079.55
    },
    {
      "date": "2018-01-03",
      "sales": 2070.27
    },
    {
      "date": "2018-01-06",
      "sales": 33.74
    },
    {
      "date": "2018-01-07",
      "sales": 3395.59
    },
    {
      "date": "2018-01-08",
      "sales": 892.98
    },
    {
      "date": "2018-01-09",
      "sales": 274.49
    },
    {
      "date": "2018-01-12",
      "sales": 848.52
    },
    {
      "date": "2018-01-13",
      "sales": 4619.33
    },
    {
      "date": "2018-01-14",
      "sales": 697.34
    },
    {
      "date": "2018-01-15",
      "sales": 2140.28
    },
    {
      "date": "2018-01-16",
      "sales": 6230.29
    },
    {
      "date": "2018-01-19",
      "sales": 2013.72
    },
    {
      "date": "2018-01-20",
      "sales": 767.84
    },
    {
      "date": "2018-01-21",
      "sales": 2546.64
    },
    {
      "date": "2018-01-22",
      "sales": 4212.37
    },
    {
      "date": "2018-01-23",
      "sales": 450.33
    },
    {
      "date": "2018-01-24",
      "sales": 418.67
    },
    {
      "date": "2018-01-26",
      "sales": 3055.28
    },
    {
      "date": "2018-01-27",
      "sales": 331.91
    },
    {
      "date": "2018-01-28",
      "sales": 1007.52
    },
    {
      "date": "2018-01-29",
      "sales": 158.64
    },
    {
      "date": "2018-01-30",
      "sales": 3749.34
    },
    {
      "date": "2018-02-02",
      "sales": 913.35
    },
    {
      "date": "2018-02-03",
      "sales": 922.33
    },
    {
      "date": "2018-02-04",
      "sales": 32.67
    },
    {
      "date": "2018-02-05",
      "sales": 2263.01
    },
    {
      "date": "2018-02-06",
      "sales": 904.35
    },
    {
      "date": "2018-02-09",
      "sales": 773.76
    },
    {
      "date": "2018-02-10",
      "sales": 227.1
    },
    {
      "date": "2018-02-11",
      "sales": 1241.52
    },
    {
      "date": "2018-02-13",
      "sales": 1058.43
    },
    {
      "date": "2018-02-16",
      "sales": 1337.44
    },
    {
      "date": "2018-02-17",
      "sales": 2964.82
    },
    {
      "date": "2018-02-18",
      "sales": 287.33
    },
    {
      "date": "2018-02-19",
      "sales": 1314.59
    },
    {
      "date": "2018-02-20",
      "sales": 1150.29
    },
    {
      "date": "2018-02-21",
      "sales": 47.9
    },
    {
      "date": "2018-02-23",
      "sales": 117.8
    },
    {
      "date": "2018-02-24",
      "sales": 1448.68
    },
    {
      "date": "2018-02-25",
      "sales": 430.49
    },
    {
      "date": "2018-02-26",
      "sales": 2467.51
    },
    {
      "date": "2018-02-28",
      "sales": 17.62
    },
    {
      "date": "2018-03-02",
      "sales": 1450.13
    },
    {
      "date": "2018-03-03",
      "sales": 2000.1
    },
    {
      "date": "2018-03-04",
      "sales": 228.82
    },
    {
      "date": "2018-03-05",
      "sales": 1240.02
    },
    {
      "date": "2018-03-06",
      "sales": 778.24
    },
    {
      "date": "2018-03-07",
      "sales": 166.59
    },
    {
      "date": "2018-03-08",
      "sales": 843.1
    },
    {
      "date": "2018-03-09",
      "sales": 710.8
    },
    {
      "date": "2018-03-10",
      "sales": 1252.95
    },
    {
      "date": "2018-03-11",
      "sales": 1973.71
    },
    {
      "date": "2018-03-12",
      "sales": 353.28
    },
    {
      "date": "2018-03-13",
      "sales": 4791.35
    },
    {
      "date": "2018-03-14",
      "sales": 49.62
    },
    {
      "date": "2018-03-16",
      "sales": 2014.38
    },
    {
      "date": "2018-03-17",
      "sales": 542.75
    },
    {
      "date": "2018-03-18",
      "sales": 1027.76
    },
    {
      "date": "2018-03-19",
      "sales": 2157.31
    },
    {
      "date": "2018-03-20",
      "sales": 899.57
    },
    {
      "date": "2018-03-21",
      "sales": 3332.64
    },
    {
      "date": "2018-03-23",
      "sales": 14816.07
    },
    {
      "date": "2018-03-24",
      "sales": 1257.3
    },
    {
      "date": "2018-03-25",
      "sales": 3567.03
    },
    {
      "date": "2018-03-26",
      "sales": 3252.88
    },
    {
      "date": "2018-03-27",
      "sales": 2933.52
    },
    {
      "date": "2018-03-28",
      "sales": 1504.7
    },
    {
      "date": "2018-03-29",
      "sales": 81.4
    },
    {
      "date": "2018-03-30",
      "sales": 656.41
    },
    {
      "date": "2018-03-31",
      "sales": 4981.01
    },
    {
      "date": "2018-04-01",
      "sales": 5972.99
    },
    {
      "date": "2018-04-02",
      "sales": 822.97
    },
    {
      "date": "2018-04-03",
      "sales": 32.53
    },
    {
      "date": "2018-04-04",
      "sales": 808.47
    },
    {
      "date": "2018-04-06",
      "sales": 114.42
    },
    {
      "date": "2018-04-07",
      "sales": 1971.29
    },
    {
      "date": "2018-04-08",
      "sales": 6401.93
    },
    {
      "date": "2018-04-09",
      "sales": 1626.71
    },
    {
      "date": "2018-04-10",
      "sales": 755.53
    },
    {
      "date": "2018-04-11",
      "sales": 319.81
    },
    {
      "date": "2018-04-12",
      "sales": 69.66
    },
    {
      "date": "2018-04-13",
      "sales": 1345.82
    },
    {
      "date": "2018-04-14",
      "sales": 652.93
    },
    {
      "date": "2018-04-15",
      "sales": 332.34
    },
    {
      "date": "2018-04-16",
      "sales": 944.43
    },
    {
      "date": "2018-04-17",
      "sales": 3431.46
    },
    {
      "date": "2018-04-20",
      "sales": 1053.61
    },
    {
      "date": "2018-04-21",
      "sales": 1254.56
    },
    {
      "date": "2018-04-22",
      "sales": 947.69
    },
    {
      "date": "2018-04-23",
      "sales": 1199.22
    },
    {
      "date": "2018-04-24",
      "sales": 928.56
    },
    {
      "date": "2018-04-25",
      "sales": 678.11
    },
    {
      "date": "2018-04-26",
      "sales": 61.61
    },
    {
      "date": "2018-04-27",
      "sales": 576.58
    },
    {
      "date": "2018-04-28",
      "sales": 795.3
    },
    {
      "date": "2018-04-29",
      "sales": 1053.26
    },
    {
      "date": "2018-04-30",
      "sales": 1390.13
    },
    {
      "date": "2018-05-01",
      "sales": 4108.37
    },
    {
      "date": "2018-05-02",
      "sales": 399.11
    },
    {
      "date": "2018-05-03",
      "sales": 1386.35
    },
    {
      "date": "2018-05-04",
      "sales": 1146.25
    },
    {
      "date": "2018-05-05",
      "sales": 185.12
    },
    {
      "date": "2018-05-06",
      "sales": 2991.4
    },
    {
      "date": "2018-05-07",
      "sales": 2549.47
    },
    {
      "date": "2018-05-08",
      "sales": 3658.55
    },
    {
      "date": "2018-05-09",
      "sales": 1078.22
    },
    {
      "date": "2018-05-11",
      "sales": 449.47
    },
    {
      "date": "2018-05-12",
      "sales": 970.38
    },
    {
      "date": "2018-05-13",
      "sales": 3066.38
    },
    {
      "date": "2018-05-14",
      "sales": 4182.06
    },
    {
      "date": "2018-05-15",
      "sales": 421.26
    },
    {
      "date": "2018-05-16",
      "sales": 221.02
    },
    {
      "date": "2018-05-18",
      "sales": 1830.51
    },
    {
      "date": "2018-05-19",
      "sales": 4919.18
    },
    {
      "date": "2018-05-20",
      "sales": 2997.58
    },
    {
      "date": "2018-05-21",
      "sales": 538.02
    },
    {
      "date": "2018-05-22",
      "sales": 336.56
    },
    {
      "date": "2018-05-23",
      "sales": 241.44
    },
    {
      "date": "2018-05-25",
      "sales": 886.03
    },
    {
      "date": "2018-05-26",
      "sales": 270.24
    },
    {
      "date": "2018-05-27",
      "sales": 2084.91
    },
    {
      "date": "2018-05-28",
      "sales": 1480.1
    },
    {
      "date": "2018-05-29",
      "sales": 691.11
    },
    {
      "date": "2018-05-30",
      "sales": 736.89
    },
    {
      "date": "2018-06-01",
      "sales": 586.04
    },
    {
      "date": "2018-06-02",
      "sales": 135.71
    },
    {
      "date": "2018-06-03",
      "sales": 2952.04
    },
    {
      "date": "2018-06-04",
      "sales": 279.41
    },
    {
      "date": "2018-06-05",
      "sales": 491.11
    },
    {
      "date": "2018-06-06",
      "sales": 31.35
    },
    {
      "date": "2018-06-08",
      "sales": 2227.04
    },
    {
      "date": "2018-06-09",
      "sales": 939.13
    },
    {
      "date": "2018-06-10",
      "sales": 2513.34
    },
    {
      "date": "2018-06-11",
      "sales": 1580.89
    },
    {
      "date": "2018-06-12",
      "sales": 1679.97
    },
    {
      "date": "2018-06-13",
      "sales": 1156.02
    },
    {
      "date": "2018-06-15",
      "sales": 4057.51
    },
    {
      "date": "2018-06-16",
      "sales": 2724.19
    },
    {
      "date": "2018-06-17",
      "sales": 3896.67
    },
    {
      "date": "2018-06-18",
      "sales": 1031.16
    },
    {
      "date": "2018-06-19",
      "sales": 1900.19
    },
    {
      "date": "2018-06-20",
      "sales": 1028.23
    },
    {
      "date": "2018-06-21",
      "sales": 595.66
    },
    {
      "date": "2018-06-22",
      "sales": 579.02
    },
    {
      "date": "2018-06-24",
      "sales": 1184.68
    },
    {
      "date": "2018-06-25",
      "sales": 1508.35
    },
    {
      "date": "2018-06-26",
      "sales": 4224.14
    },
    {
      "date": "2018-06-27",
      "sales": 1644.91
    },
    {
      "date": "2018-06-29",
      "sales": 4521.99
    },
    {
      "date": "2018-06-30",
      "sales": 4721.98
    },
    {
      "date": "2018-07-01",
      "sales": 639.83
    },
    {
      "date": "2018-07-02",
      "sales": 169.19
    },
    {
      "date": "2018-07-03",
      "sales": 6963.4
    },
    {
      "date": "2018-07-05",
      "sales": 476.35
    },
    {
      "date": "2018-07-06",
      "sales": 380.38
    },
    {
      "date": "2018-07-07",
      "sales": 1620.25
    },
    {
      "date": "2018-07-08",
      "sales": 1980.26
    },
    {
      "date": "2018-07-09",
      "sales": 1671.21
    },
    {
      "date": "2018-07-10",
      "sales": 359.21
    },
    {
      "date": "2018-07-11",
      "sales": 1728.89
    },
    {
      "date": "2018-07-12",
      "sales": 3.82
    },
    {
      "date": "2018-07-13",
      "sales": 504.54
    },
    {
      "date": "2018-07-14",
      "sales": 3598.93
    },
    {
      "date": "2018-07-15",
      "sales": 2132.23
    },
    {
      "date": "2018-07-16",
      "sales": 74.28
    },
    {
      "date": "2018-07-17",
      "sales": 2191.87
    },
    {
      "date": "2018-07-18",
      "sales": 2106.79
    },
    {
      "date": "2018-07-20",
      "sales": 2283.21
    },
    {
      "date": "2018-07-21",
      "sales": 3683.83
    },
    {
      "date": "2018-07-22",
      "sales": 556.31
    },
    {
      "date": "2018-07-23",
      "sales": 898.19
    },
    {
      "date": "2018-07-24",
      "sales": 2399.96
    },
    {
      "date": "2018-07-25",
      "sales": 798.74
    },
    {
      "date": "2018-07-26",
      "sales": 2012.3
    },
    {
      "date": "2018-07-27",
      "sales": 947.83
    },
    {
      "date": "2018-07-28",
      "sales": 1170.56
    },
    {
      "date": "2018-07-29",
      "sales": 1391.29
    },
    {
      "date": "2018-07-30",
      "sales": 523.38
    },
    {
      "date": "2018-07-31",
      "sales": 1558.03
    },
    {
      "date": "2018-08-01",
      "sales": 2085.65
    },
    {
      "date": "2018-08-03",
      "sales": 514.83
    },
    {
      "date": "2018-08-04",
      "sales": 20.07
    },
    {
      "date": "2018-08-05",
      "sales": 503.68
    },
    {
      "date": "2018-08-06",
      "sales": 1424.03
    },
    {
      "date": "2018-08-07",
      "sales": 3479.62
    },
    {
      "date": "2018-08-10",
      "sales": 1823.07
    },
    {
      "date": "2018-08-11",
      "sales": 708.73
    },
    {
      "date": "2018-08-12",
      "sales": 3693.08
    },
    {
      "date": "2018-08-13",
      "sales": 2643.16
    },
    {
      "date": "2018-08-14",
      "sales": 440.74
    },
    {
      "date": "2018-08-15",
      "sales": 1949.87
    },
    {
      "date": "2018-08-16",
      "sales": 80.56
    },
    {
      "date": "2018-08-17",
      "sales": 9517.29
    },
    {
      "date": "2018-08-18",
      "sales": 7078.48
    },
    {
      "date": "2018-08-19",
      "sales": 512.45
    },
    {
      "date": "2018-08-20",
      "sales": 692.95
    },
    {
      "date": "2018-08-21",
      "sales": 8284.53
    },
    {
      "date": "2018-08-22",
      "sales": 524.54
    },
    {
      "date": "2018-08-23",
      "sales": 4590.34
    },
    {
      "date": "2018-08-24",
      "sales": 685.06
    },
    {
      "date": "2018-08-25",
      "sales": 361.99
    },
    {
      "date": "2018-08-26",
      "sales": 190.66
    },
    {
      "date": "2018-08-27",
      "sales": 6190.54
    },
    {
      "date": "2018-08-28",
      "sales": 1443.63
    },
    {
      "date": "2018-08-29",
      "sales": 235.47
    },
    {
      "date": "2018-08-31",
      "sales": 3162.83
    },
    {
      "date": "2018-09-01",
      "sales": 1261.81
    },
    {
      "date": "2018-09-02",
      "sales": 8652.33
    },
    {
      "date": "2018-09-03",
      "sales": 1595.85
    },
    {
      "date": "2018-09-04",
      "sales": 5360.2
    },
    {
      "date": "2018-09-05",
      "sales": 327.04
    },
    {
      "date": "2018-09-07",
      "sales": 3848.56
    },
    {
      "date": "2018-09-08",
      "sales": 2184.33
    },
    {
      "date": "2018-09-09",
      "sales": 4356.06
    },
    {
      "date": "2018-09-10",
      "sales": 2506.65
    },
    {
      "date": "2018-09-11",
      "sales": 5564.01
    },
    {
      "date": "2018-09-12",
      "sales": 491.55
    },
    {
      "date": "2018-09-13",
      "sales": 15.92
    },
    {
      "date": "2018-09-14",
      "sales": 3471.4
    },
    {
      "date": "2018-09-15",
      "sales": 7285.03
    },
    {
      "date": "2018-09-16",
      "sales": 831.65
    },
    {
      "date": "2018-09-17",
      "sales": 4979.23
    },
    {
      "date": "2018-09-18",
      "sales": 1511.93
    },
    {
      "date": "2018-09-19",
      "sales": 1648.19
    },
    {
      "date": "2018-09-20",
      "sales": 7359.92
    },
    {
      "date": "2018-09-21",
      "sales": 338.17
    },
    {
      "date": "2018-09-22",
      "sales": 7871.21
    },
    {
      "date": "2018-09-23",
      "sales": 2395.79
    },
    {
      "date": "2018-09-24",
      "sales": 6450.46
    },
    {
      "date": "2018-09-25",
      "sales": 1412.21
    },
    {
      "date": "2018-09-26",
      "sales": 1486.58
    },
    {
      "date": "2018-09-28",
      "sales": 559.27
    },
    {
      "date": "2018-09-29",
      "sales": 1846.78
    },
    {
      "date": "2018-09-30",
      "sales": 540.76
    },
    {
      "date": "2018-10-01",
      "sales": 2978.47
    },
    {
      "date": "2018-10-02",
      "sales": 5418.02
    },
    {
      "date": "2018-10-03",
      "sales": 2504.48
    },
    {
      "date": "2018-10-04",
      "sales": 19.98
    },
    {
      "date": "2018-10-05",
      "sales": 6684.62
    },
    {
      "date": "2018-10-06",
      "sales": 1180.82
    },
    {
      "date": "2018-10-07",
      "sales": 2749.21
    },
    {
      "date": "2018-10-08",
      "sales": 608.36
    },
    {
      "date": "2018-10-09",
      "sales": 1496.59
    },
    {
      "date": "2018-10-10",
      "sales": 239.36
    },
    {
      "date": "2018-10-12",
      "sales": 5625.39
    },
    {
      "date": "2018-10-13",
      "sales": 8405.8
    },
    {
      "date": "2018-10-14",
      "sales": 134.33
    },
    {
      "date": "2018-10-15",
      "sales": 1017.94
    },
    {
      "date": "2018-10-16",
      "sales": 3473.6
    },
    {
      "date": "2018-10-17",
      "sales": 126.35
    },
    {
      "date": "2018-10-19",
      "sales": 2781.87
    },
    {
      "date": "2018-10-20",
      "sales": 1333.86
    },
    {
      "date": "2018-10-21",
      "sales": 4537.2
    },
    {
      "date": "2018-10-22",
      "sales": 15158.88
    },
    {
      "date": "2018-10-23",
      "sales": 3352.39
    },
    {
      "date": "2018-10-24",
      "sales": 529.08
    },
    {
      "date": "2018-10-26",
      "sales": 999.87
    },
    {
      "date": "2018-10-27",
      "sales": 1086.32
    },
    {
      "date": "2018-10-28",
      "sales": 408.73
    },
    {
      "date": "2018-10-29",
      "sales": 46.96
    },
    {
      "date": "2018-10-30",
      "sales": 4025.73
    },
    {
      "date": "2018-10-31",
      "sales": 523.93
    },
    {
      "date": "2018-11-01",
      "sales": 2921.43
    },
    {
      "date": "2018-11-02",
      "sales": 6294.39
    },
    {
      "date": "2018-11-03",
      "sales": 4536.94
    },
    {
      "date": "2018-11-04",
      "sales": 10668.1
    },
    {
      "date": "2018-11-05",
      "sales": 2355.06
    },
    {
      "date": "2018-11-06",
      "sales": 4288.75
    },
    {
      "date": "2018-11-07",
      "sales": 2413.38
    },
    {
      "date": "2018-11-08",
      "sales": 384.1
    },
    {
      "date": "2018-11-09",
      "sales": 4751.49
    },
    {
      "date": "2018-11-10",
      "sales": 4007.55
    },
    {
      "date": "2018-11-11",
      "sales": 1815.22
    },
    {
      "date": "2018-11-12",
      "sales": 2911.39
    },
    {
      "date": "2018-11-13",
      "sales": 6633.42
    },
    {
      "date": "2018-11-14",
      "sales": 834.66
    },
    {
      "date": "2018-11-15",
      "sales": 559.2
    },
    {
      "date": "2018-11-16",
      "sales": 4755.23
    },
    {
      "date": "2018-11-17",
      "sales": 13408.79
    },
    {
      "date": "2018-11-18",
      "sales": 1469.76
    },
    {
      "date": "2018-11-19",
      "sales": 7397.27
    },
    {
      "date": "2018-11-20",
      "sales": 2988.27
    },
    {
      "date": "2018-11-21",
      "sales": 2236.18
    },
    {
      "date": "2018-11-22",
      "sales": 35.71
    },
    {
      "date": "2018-11-23",
      "sales": 1153.11
    },
    {
      "date": "2018-11-24",
      "sales": 4736.06
    },
    {
      "date": "2018-11-25",
      "sales": 3666.16
    },
    {
      "date": "2018-11-26",
      "sales": 5048.17
    },
    {
      "date": "2018-11-27",
      "sales": 1618.25
    },
    {
      "date": "2018-11-28",
      "sales": 6912.94
    },
    {
      "date": "2018-11-29",
      "sales": 491.89
    },
    {
      "date": "2018-11-30",
      "sales": 6645.28
    },
    {
      "date": "2018-12-01",
      "sales": 5331.18
    },
    {
      "date": "2018-12-02",
      "sales": 9951.18
    },
    {
      "date": "2018-12-03",
      "sales": 1403.84
    },
    {
      "date": "2018-12-04",
      "sales": 2639.64
    },
    {
      "date": "2018-12-05",
      "sales": 1453.14
    },
    {
      "date": "2018-12-06",
      "sales": 10.68
    },
    {
      "date": "2018-12-07",
      "sales": 2916.51
    },
    {
      "date": "2018-12-08",
      "sales": 7643.04
    },
    {
      "date": "2018-12-09",
      "sales": 5470.39
    },
    {
      "date": "2018-12-10",
      "sales": 3873.56
    },
    {
      "date": "2018-12-11",
      "sales": 2025.04
    },
    {
      "date": "2018-12-13",
      "sales": 580.94
    },
    {
      "date": "2018-12-14",
      "sales": 3897.71
    },
    {
      "date": "2018-12-15",
      "sales": 306.89
    },
    {
      "date": "2018-12-16",
      "sales": 858.7
    },
    {
      "date": "2018-12-17",
      "sales": 2027.76
    },
    {
      "date": "2018-12-18",
      "sales": 3645.91
    },
    {
      "date": "2018-12-19",
      "sales": 1895.93
    },
    {
      "date": "2018-12-20",
      "sales": 377.74
    },
    {
      "date": "2018-12-21",
      "sales": 2140.94
    },
    {
      "date": "2018-12-22",
      "sales": 7442.02
    },
    {
      "date": "2018-12-23",
      "sales": 1926.78
    },
    {
      "date": "2018-12-24",
      "sales": 6233.05
    },
    {
      "date": "2018-12-25",
      "sales": 2698.93
    },
    {
      "date": "2018-12-26",
      "sales": 814.59
    },
    {
      "date": "2018-12-27",
      "sales": 177.64
    },
    {
      "date": "2018-12-28",
      "sales": 1657.35
    },
    {
      "date": "2018-12-29",
      "sales": 2915.53
    },
    {
      "date": "2018-12-30",
      "sales": 713.79
    }
  ]
}